2874 4910
674 339 717 408 63

101 524 198 590 loco
223 519 403 610 particulae
426 519 468 605 δή
491 556 530 570 -
562 518 623 606 ἤδη
652 543 716 587 uno
750 521 914 586 enuntiato
946 521 1194 609 comprehensae
1216 522 1259 587 le

102 649 248 728 guntin
280 641 333 718 (cf.
355 640 468 705 Herm.
490 638 533 705 ad
556 640 666 726 Viger.
689 641 765 723 826)
793 640 828 705 id
852 641 937 729 quod
961 639 1049 727 apud
1070 640 1258 728 Aristopha-

104 783 198 828 nem
221 760 283 826 hoc
306 769 430 825 tantum
452 759 522 825 loco
544 759 678 846 legitur,
701 769 734 826 et
756 762 833 848 Lys.
856 761 936 843 523,
967 764 1021 848 qui
1045 762 1139 827 simul
1167 761 1257 826 locus

108 880 269 948 ostendit
290 888 378 944 recte
401 901 470 944 rem
492 881 694 967 perspexisse
716 879 916 964 Muellerum,
940 882 995 968 qui
1014 881 1094 945 dicit
1116 879 1158 965 δή
1182 903 1256 944 cum

107 1002 235 1085 ταῦτα,
258 996 320 1084 ἤδη
342 1020 416 1063 cum
438 996 594 1082 ἐμφανῶς
616 999 877 1086 conjungendum
901 1022 987 1084 esse,
1021 1021 1123 1087 aeque
1158 1007 1254 1084 atque

110 1118 176 1186 illo
200 1117 274 1184 loco
297 1116 338 1203 δή
359 1127 396 1184 ut
418 1117 574 1200 vidimus,
597 1117 648 1183 vel
671 1119 848 1184 arctissime
888 1118 1039 1184 cohaeret
1071 1140 1145 1183 cum
1175 1138 1254 1185 voce

111 1237 187 1320 ὅτε,
224 1236 287 1323 ἤδη
308 1260 387 1303 vero
410 1237 452 1303 ad
474 1237 699 1326 imperfectum
734 1234 896 1322 ἠκούομεν
924 1239 1073 1326 pertinet.
1119 1236 1253 1302 Inverso

114 1356 242 1422 ordine
263 1355 325 1442 ἤδη
349 1354 390 1442 δή
422 1379 486 1422 non
521 1356 585 1442 legi
608 1357 770 1442 Reisigius
807 1355 1037 1422 animadvertit
1081 1355 1254 1442 (Oonjectt.

112 1475 143 1540 Ι.
168 1498 202 1564 p.
228 1477 312 1560 232).
354 1474 439 1540 Plut.
463 1474 526 1542 227
560 1471 652 1539 τοῦτο
676 1473 716 1560 δή
745 1474 825 1541 falso
854 1475 1024 1562 legebatur
1054 1483 1128 1541 ante
1149 1474 1253 1540 Elma-

114 1592 240 1678 leium,
277 1595 333 1681 qui
365 1592 490 1658 τοοτοδί
519 1594 660 1662 restituit
698 1595 752 1681 (of.
788 1593 965 1682 Quarterly
994 1595 1127 1660 Review
1164 1593 1254 1658 XIV.

115 1735 150 1800 p.
179 1711 269 1797 449).

213 1833 316 1899 Porro
338 1829 394 1895 διὰ
416 1834 516 1896 ταῦτα
539 1831 770 1898 adverbialiter
793 1831 915 1898 dictum
936 1831 1096 1919 particula
1120 1831 1160 1918 δή
1186 1855 1254 1900 cor·

120 1950 297 2017 roboratur
318 1950 404 2016 Nub.
429 1950 493 2019 856
515 1951 572 2016 nbi
599 1959 687 2039 patet
718 1949 852 2016 voculae
882 1951 1148 2036 significationem
1181 1975 1250 2018 esse
1386 2029 1388 2032 .

123 2071 314 2154 ‚mnufesto
337 2071 405 2136 siue
427 2070 560 2154 dubio“‚
594 2070 772 2159 eademque
795 2069 960 2136 adverbiis
991 2069 1105 2137 addita
1134 2069 1252 2158 legitur

123 2190 207 2256 Ran.
231 2189 305 2254 796.
329 2187 504 2254 κάνταῦθα
527 2186 567 2275 δή
594 2188 718 2256 ubiaoet
739 2189 839 2254 nexui
861 2190 1011 2274 inservit,
1034 2189 1081 2254 ib.
1092 2189 1156 2254 826
1169 2189 1251 2254 ἔνθ-

122 2331 159 2374 εν
182 2309 222 2395 δή
253 2333 316 2398 quo
346 2310 416 2376 loco
452 2311 644 2399 perperam?
659 2308 697 2373 δέ
728 2331 801 2376 cum
830 2309 1006 2376 Mutinensi
1034 2309 1247 2392 Fritzschius;

124 2427 209 2493 nola)
231 2427 273 2513 δή
292 2427 355 2496 Av.
377 2429 451 2495 451.
475 2429 561 2506 539;
591 2428 699 2493 παλαι
721 2427 761 2514 δή
785 2427 849 2494 Av.
873 2431 953 2514 921,
975 2429 1034 2496 ubi
1066 2424 1106 2514 δή
1132 2428 1250 2516 legitur

125 2546 161 2611 in
195 2547 360 2635 anaphora
388 2557 424 2613 ut
460 2548 612 2635 Aeschyl.
647 2549 760 2634 Agam.
806 2549 870 2613 468
911 2550 1054 2637 reposuit
1082 2546 1251 2615 Rauchen·

126 2667 276 2751 steinius3
298 2667 376 2753 Lys.
399 2667 482 2730 1102
506 2667 613 2740 κακῶς
624 2665 680 2750 δή;
703 2667 785 2732 Ran.
800 2665 884 2731 1056
899 2668 989 2729 πάνυ
1002 2663 1052 2752 doh
1074 2665 1165 2731 Eccl.
1185 2666 1248 2731 733

127 2780 211 2849 κάτα
234 2781 292 2869 δής
327 2785 426 2872 Vesp.
451 2784 536 2850 1265
559 2783 718 2858 πολλάκις
738 2783 792 2869 dp}
815 2784 894 2850 Pac.
916 2807 947 2848 v.
970 2784 1032 2848 901
1057 2788 1113 2848 ἶνα
1131 2782 1173 2869 δή
1196 2784 1249 2865 (cf.

123 2903 221 2970 Kidd.
245 2904 288 2971 ad
309 2904 547 2971 Daw.Miscell.
571 2929 601 2992 p.
617 2905 689 2970 120.
712 2905 838 2969 Hanov.
862 2905 1009 2968 exercitt.
1025 2905 1108 2969 critt.
1126 2927 1158 2990 p.
1179 2903 1247 2968 134.

129 3023 265 3110 Kriiger.
287 3024 313 3089 Ι.
337 3019 368 3112 ἓ.
392 3023 443 3089 69.
467 3023 609 3090 Ellendt.
632 3024 714 3110 Lex.
738 3023 835 3112 Soph.
859 3046 891 3089 v.
914 3025 1000 3107 ἵνα)ς
1022 3023 1108 3090 Nub.
1131 3045 1163 3110 u.
1185 3021 1249 3088 259

125 3141 240 3228 εἶταδή
262 3146 296 3207 in
318 3145 586 3231 interrogatione,
609 3143 696 3232 quod
729 3143 861 3209 dicendi
890 3166 991 3230 genus
1013 3143 1099 3208 Nub.
1127 3165 1159 3206 v.
1183 3142 1248 3208 750

127 3270 208 3352 recte
249 3261 369 3328 delevit
397 3263 604 3329 Hermannus
641 3261 708 3327 alca
739 3261 777 3325 δέ
807 3262 969 3348 scribens3
1001 3261 1088 3329 Pluti
1120 3284 1152 3327 v.
1182 3260 1247 3325 942

128 3379 232 3446 αὐτίκα
255 3380 305 3467 δή.

207 3501 319 3589 Neque
341 3500 394 3566 hic
417 3502 646 3590 praetereundi
667 3511 741 3568 sunt
762 3502 834 3584 loci,
866 3502 922 3568 ubi
945 3522 1121 3589 pronomen
1145 3500 1247 3568 deter-
1334 3501 1336 3508 ’

129 3621 317 3704 minativum,
340 3621 426 3710 quod
451 3623 577 3705 dicitur,
601 3619 698 3696 αὐτός
718 3621 877 3710 particula
900 3618 941 3705 δή
964 3630 1108 3706 augetur,
1137 3620 1247 3709 quales

130 3750 195 3805 sunt
213 3741 288 3807 Pac.
311 3741 385 3806 508.
408 3741 484 3828 Lys.
507 3742 571 3807 888
591 3741 648 3808 ubi
671 3751 795 3807 rectum
825 3740 945 3806 vidisse
968 3740 1133 3828 Bentlejus
1163 3740 1243 3804 mihi

43 3935 46 3942 Δ
129 3859 260 3943 videtur,
290 3883 385 3948 quem
408 3862 506 3926 etiam
537 3861 636 3948 Vesp.
670 3884 701 3925 v.
732 3860 817 3925 1062
847 3861 1020 3946 genuinam
1050 3860 1242 3946 scripturam

133 3981 293 4044 restituisse
326 3983 382 4043 καὶ
411 3981 479 4043 κατ’
510 3975 587 4043 αὐτὸ
611 3979 650 4064 δὴ
680 3977 783 4062 μόνον
810 3987 907 4046 testes
936 3987 1028 4044 sunto
1056 3978 1119 4044 loci
1146 4001 1243 4063 supra

134 4099 216 4165 allati.
241 4100 366 4165 Eodem
389 4100 484 4166 modo
507 4099 548 4185 δή
561 4123 634 4166 cum
650 4101 839 4189 pronomine
852 4097 1013 4187 personali
1028 4101 1241 4187 conjungitur,

135 4227 162 4282 et
180 4219 259 4306 apud
281 4219 530 4306 Aristophanem
555 4219 685 4307 quidem
707 4220 831 4306 primae
842 4217 1067 4306 secundaeque
1084 4241 1241 4306 personae

131 4339 206 4422 cujus
225 4339 290 4402 vim
313 4338 359 4404 ita
381 4346 478 4424 auget
500 4349 534 4404 ut
556 4348 612 4404 aut
633 4338 682 4403 sui
710 4339 810 4426 ipsius
831 4337 1000 4422 fiduciam,
1034 4360 1131 4425 quam
1171 4340 1243 4426 quis
