2874 4910
648 349 786 468 ι28

204 557 247 603 ex
268 558 329 602 usu
351 536 449 604 attico
470 536 498 600 si
520 531 697 620 particulae
718 531 780 612 ptr
800 526 1200 616 respondereparticulam
1218 529 1258 594 δέ
1278 552 1348 598 ro-

203 655 262 724 luit
282 659 378 742 podia
399 653 442 720 ab
463 651 524 716 hac
546 647 705 737 particula
725 646 764 710 dt
784 668 868 712 nova
881 646 1040 734 expositio
1056 654 1125 714 erat
1135 647 1345 734 incipienda,
1420 719 1421 730 χ

202 771 237 838 id
262 771 350 859 quod
371 770 450 837 alibi
471 770 566 836 etiarn
588 767 696 832 facere
718 764 798 834 solet
809 763 1050 852 Aristophanes,
1071 772 1108 832 ut
1118 763 1181 832 Ar.
1197 788 1228 830 v.
1248 765 1342 845 7023

202 887 259 956 ubi
281 888 390 956 verbis

600 1000 678 1070 alde
699 1004 771 1086 μέν
802 1001 927 1083 ἐσμεν

201 1119 305 1207 nolle)
350 1120 629 1206 πρεσβύτατοι
661 1119 821 1188 πάντων
849 1118 1046 1202 μακάρων
1074 1115 1187 1202 ἡμεῖς
1217 1118 1339 1204 priore

200 1238 291 1306 finita
304 1240 506 1306 enarratione
530 1239 634 1306 altera·
644 1239 810 1306 inducitur
824 1237 932 1304 verbis
947 1234 998 1310 ὥς
1030 1234 1051 1299 d
1061 1233 1196 1317 ’ἐσμὲν
1224 1233 1337 1316 ἔρω-

202 1355 474 1431 τος-πολλοῖς
497 1354 641 1440 δῆλον,
665 1356 779 1422 eodem
801 1353 913 1440 modo,
940 1363 976 1421 ut
994 1353 1058 1420 Ar.
1092 1349 1177 1424 1304
1207 1349 1335 1434 legitur·
1423 1358 1424 1442 l

201 1477 367 1539 τοιαῦτα
388 1479 464 1555 μὲν
487 1472 703 1550 τάκεῖθεν,
727 1473 836 1538 troc
867 1491 930 1537 σοι
962 1471 1061 1550 λέγω
1092 1467 1158 1534 κτὲ
1180 1477 1213 1535 et
1242 1471 1330 1534 Ran.
1423 1497 1424 1500 ¹

202 1593 285 1658 1329
307 1601 430 1658 mutata
452 1593 687 1658 constructione
708 1613 768 1679 per
795 1590 833 1655 dt
854 1591 1025 1657 transitum
1047 1588 1125 1654 facit
1145 1586 1330 1672 Aeschylus

199 1734 219 1776 a
249 1710 381 1776 canticis
402 1709 589 1796 Euripideis
611 1707 654 1774 ad
675 1708 851 1792 monodias,
874 1708 993 1796 quique
1014 1707 1166 1772 transitus
1194 1703 1238 1770 ad
1267 1725 1330 1770 no·
1424 1739 1425 1750 κ

198 1848 272 1893 vam
296 1849 365 1893 rem
386 1828 489 1914 magis
509 1828 607 1892 etiam
639 1835 745 1913 potest
766 1827 874 1893 efferri
905 1834 1001 1892 aucta
1030 1823 1242 1890 conclusionis
1261 1821 1329 1888 for·

198 1945 286 2012 mula
301 1947 360 2032 per
381 1944 572 2033 particulam
594 1942 635 2029 dq'
658 1943 817 2030 (Kiihner.
840 1944 884 2010 ad
905 1941 1036 2032 Exped.
1059 1941 1192 2045 (lyraIl.
1217 1940 1246 2004 1.
1259 1939 1327 2023 20.)

198 2069 234 2129 ut
255 2062 339 2127 Plut.
363 2085 394 2126 v.
428 2063 465 2126 8:

350 2213 404 2271 aral
431 2211 612 2290 ταῦταμὲν
641 2206 680 2292 δὴ
703 2208 814 2271 ταῦτα.
845 2209 889 2293 τῷ
918 2204 954 2269 δὲ
984 2208 1090 2283 Λοξία
1111 2205 1171 2269 xre‘.

200 2356 265 2423 Sed
289 2357 375 2422 hunc
395 2381 498 2442 usum,
521 2358 599 2424 alibi
622 2357 763 2440 obvium,
785 2355 845 2422 hoc
868 2356 938 2422 loco
961 2358 1007 2422 ita
1028 2356 1151 2446 sprevit
1172 2357 1324 2440 comicus,

196 2483 233 2540 ut
254 2475 501 2562 respondentem
522 2474 714 2562 particulam
736 2484 836 2563 ponat
856 2475 890 2540 in
911 2497 1007 2540 versu
1030 2496 1126 2564 quem
1147 2474 1324 2562 interponit

196 2590 416 2674 Atheniensis,
445 2592 532 2660 nullo
561 2614 649 2658 nexu
689 2614 763 2657 cum
792 2591 992 2678 Lysistratae
1029 2590 1139 2656 verbis
1182 2589 1321 2658 eundem

196 2710 418 2796 conjunctum,
450 2733 513 2796 qua
547 2697 722 2776 mutatione
752 2710 908 2773 comicam
942 2679 1040 2774 totids
1063 2707 1131 2773 ¹loci
1163 2711 1320 2806 rationem

195 2828 312 2892 mirum
334 2836 488 2914 quantum
511 2829 624 2912 augeri
645 2827 805 2892 neminem
818 2834 923 2913 potest
945 2823 1067 2911 fugere.
1089 2825 1151 2912 Eq.
1167 2825 1240 2921 989,
1262 2827 1318 2894 ubi

195 2944 270 3011 libri
293 2945 392 3011 solam
413 2966 526 3009 vocem
548 2941 765 3028 ἁρμόττεσθαι
787 2943 915 3026 habent,
946 2941 1140 3030 Bernhardy
1170 2944 1231 3025 μέν
1263 2941 1318 3009 ad-

196 3059 288 3146 didit,
310 3070 347 3124 ut
367 3031 562 3147 respondeat
582 3060 790 3148 sequentibus
806 3057 909 3143 ἄλλην
921 3057 1021 3137 δὀὐκ,
1044 3059 1227 3127 Meinekius
1240 3084 1319 3128 vero

195 3159 313 3240 rectius
335 3178 397 3242 nisi
418 3173 521 3260 fallor,
543 3200 617 3242 cum
639 3175 782 3264 Bergkio
804 3177 849 3240 ἄν
869 3178 985 3266 posuit.
1072 3153 1076 3162 ¹

280 3341 356 3408 Jam
378 3362 457 3407 vero
479 3351 654 3428 sequantur
675 3341 747 3426 loci,
770 3342 886 3430 quibus
914 3342 1091 3430 particulae
1112 3343 1226 3425 μὲν-δέ
1245 3345 1320 3412 sulr

194 3460 298 3543 iactae
309 3458 460 3546 leguntur
470 3459 604 3526 vocibus
615 3462 1094 3548 quaesuntnoriwvautrrooiru
1102 3471 1134 3527 et
1144 3463 1252 3528 ἔπειτα
1263 3473 1321 3529 aut

193 3577 270 3643 cha.
314 3577 423 3664 Atque
453 3599 552 3663 quum
576 3577 617 3642 de
644 3577 706 3644 hoc
735 3577 864 3644 dicendi
896 3601 1015 3664 genere
1048 3577 1179 3646 uberius
1208 3579 1320 3646 dicere

193 3694 272 3760 mihi
294 3695 515 3781 proposuerim
538 3694 602 3760 huc
624 3696 720 3760 etiam
735 3696 823 3760 traxi
836 3695 931 3778 locos,
953 3695 1011 3764 ubi
1032 3698 1178 3784 ptvpost
1191 3699 1319 3780 nocitor

193 3811 319 3895 legitur,
341 3834 405 3877 non
427 3821 581 3898 sequente
603 3809 651 3894 dt,
673 3813 719 3878 ita
740 3821 775 3879 ut
796 3835 887 3882 mera
919 3835 1002 3880 voce
1023 3813 1132 3881 ἔπειτα
1161 3815 1318 3886 formetur

194 3929 361 4015 oppositio,
385 3951 503 4016 eosque
524 3927 581 3994 ubi
602 3931 664 4010 μέν
685 3932 836 3996 omissum
858 3932 1002 4018 sequitur
1021 3933 1057 4001 in
1087 3932 1190 4001 altero
1220 3953 1318 3999 mem·

191 4047 251 4112 bro
282 4046 441 4132 particula
468 4046 506 4111 dd
534 4070 574 4114 ne
606 4047 669 4113 illis
707 4049 839 4135 quidem
871 4049 1020 4122 versibus
1049 4050 1218 4136 neglectis,
1259 4050 1316 4116 ubi

192 4173 308 4231 neutra
330 4163 445 4228 harum
466 4165 696 4251 particularum
718 4167 845 4252 legitur,
867 4188 972 4253 nequo
994 4169 1092 4234 ctiam
1113 4189 1180 4233 vox
1207 4166 1317 4232 dmum

193 4283 428 4369 oppositionem
449 4280 582 4348 indicat.
628 4283 748 4350 'Potum
778 4306 857 4350 vero
886 4283 1001 4351 horum
1026 4283 1200 4351 verborum
1223 4305 1316 4350 usum
