2874 4910
659 383 701 450 st

281 607 283 610 -
310 563 382 628 ltlurl
408 566 537 648 ψίαθος
567 563 747 649 samaraeo,
770 569 824 628 καὶ
849 564 888 648 δὴ
911 563 1063 648 ’aduocat

102 705 179 772 quo
201 683 283 766 loco,
305 705 404 770 quum
428 683 610 768 significent
631 683 731 750 verba
753 687 807 747 καὶ
829 682 868 768 ὁ)
894 682 1046 765 'adnepos
1069 692 1101 749 et
1116 665 1244 765 ’,μαπέ-

102 803 219 882 '‘esto“
240 801 288 868 luc.
311 807 347 868 ut
369 803 458 867 vides
478 809 595 868 vestem
614 803 747 884 deporto,
771 803 831 868 hoc
854 813 918 868 tam
931 802 1104 890 perspicue*
1123 799 1245 867 indicat

105 931 185 986 rem
208 918 331 1006 absque
353 941 443 985 mora
465 920 553 1004 fieri,
583 929 618 986 ut
649 922 762 987 mirari
783 943 848 987 non
871 922 993 1008 possis,
1017 921 1088 1007 jam
1119 928 1246 987 veteres

105 1042 170 1101 καὶ
193 1037 431 1125 deff-particulas
452 1061 512 1125 per
533 1038 594 1123 ἤδη
617 1039 812 1126 explicasse·
840 1037 915 1111 Sive
937 1061 1016 1104 vero
1045 1037 1132 1103 hunc
1160 1037 1247 1104 locu·

108 1155 240 1220 nonem
272 1135 458 1243 explicatu
488 1159 557 1223 uve
582 1157 707 1222 aaran
737 1157 869 1222 monum
901 1133 1245 1241 (chiterinum)

107 1282 301 1361 praeoptas,
322 1275 449 1341 videbis
471 1279 527 1346 act
549 1274 591 1361 δή
612 1275 718 1342 videri
740 1285 863 1368 tantum
886 1297 960 1341 cum
982 1272 1043 1360 ἤδη
1058 1283 1246 1361 congruere.

111 1391 164 1456 Ut
180 1391 253 1478 jam
285 1391 356 1456 dixi
378 1396 435 1454 καῖ
455 1391 497 1477 δή
519 1393 608 1480 apud
629 1396 789 1460 comicum
811 1395 888 1460 satis
909 1393 1017 1459 multis
1038 1379 1117 1459 locis
1140 1401 1247 1459 exstat

114 1547 160 1567 -τ-
183 1532 250 1596 qua
270 1511 305 1574 iu
326 1510 518 1576 todiffare
540 1512 788 1600 Aristophanem
811 1535 832 1578 a
847 1511 1050 1600 philosophis
1084 1511 1247 1578 docebunt

115 1627 228 1692 Actius
251 1627 342 1712 (Lex.
357 1627 447 1694 Plau.
470 1629 496 1695 1.
525 1653 557 1716 p.
588 1629 645 1716 44)
677 1639 710 1696 et
740 1631 877 1696 Euckeu
910 1630 967 1716 (de
989 1628 1170 1696 Aristotelis
1198 1628 1247 1694 di·

112 1745 217 1812 cendi
238 1747 361 1812 ratione
384 1771 422 1834 p..
437 1747 513 1834 44),
542 1771 654 1836 parem
689 1771 760 1814 esse
780 1747 933 1834 Sophocli
955 1757 1091 1814 testatur
1114 1747 1246 1814 llllend·

111 1866 189 1936 .tius:
209 1865 299 1949 [Lex.
321 1864 418 1952 Soph.
440 1866 466 1932 1..
490 1867 564 1951 884)
588 1902 628 1917 -
653 1875 765 1932 contra
792 1870 847 1928 act
868 1901 911 1915 -
934 1864 1101 1951 opvutbus
1122 1876 1247 1935 tautum
1313 1879 1316 1882 '

117 1983 200 2050 locis
222 1983 339 2070 legitur
361 1984 459 2071 Vesp.
484 1985 566 2050 1307
599 1985 650 2062 [cl.
667 1983 784 2050 Elmsl.
805 1984 850 2050 ad
872 1983 951 2050 Aah.
977 1985 1038 2051 127
1069 1985 1174 2052 Klots.
1204 1985 1248 2052 ad

122 2103 244 2168 Devar.
268 2103 312 2168 ll.
334 2103 413 2185 414)
431 2101 606 2186 4811888)
622 2086 686 2169 ubi
703 2104 760 2170 aul
784 2103 958 2191 respondet
977 2104 1185 2170 antecedenti
1205 2107 1248 2189 τέ,

117 2218 163 2305 δή
185 2229 294 2286 autem
316 2241 430 2285 vocem
451 2218 577 2301 μεγάλα
607 2222 830 2308 interpositam
859 2231 973 2307 auget,
1007 2220 1145 2310 denique
1166 2224 1247 2290 Ran.

119 2339 193 2422 888,
215 2338 272 2404 ubi
294 2340 349 2402 καὶ
371 2341 409 2400 σὺ
431 2337 474 2421 δή
494 2336 666 2424 legendum
689 2347 746 2406 est·
792 2341 897 2426 Atque
919 2339 982 2418 hic,
1006 2349 1042 2407 ut
1064 2363 1103 2407 ca
1137 2344 1246 2410 statim

119 2478 322 2544 praesumem
345 2477 428 2542 quae
448 2459 576 2522 rariora
596 2466 687 2541 sunt,
711 2456 809 2544 Vesp.
835 2457 917 2522 1209
951 2457 1162 2546 subjungam,
1190 2460 1248 2527 ubi

121 2597 238 2642 usuro
267 2585 346 2641 vera
377 2573 517 2660 eleganti
550 2578 605 2638 aut
626 2572 670 2660 δή
682 2577 847 2664 ‘exprimit
860 2575 1085 2642 ¹conditionem
1105 2576 1248 2664 aliquam

120 2695 197 2782 poni
218 2715 443 2760 concessamve
466 2692 553 2780 apud
585 2695 727 2760 antimum
749 2695 837 2780 fingi.
879 2695 1015 2781 Anglice
1048 2693 1105 2760 has
1137 2718 1248 2764 voces:

122 2830 279 2893 „suppose
301 2832 349 2876 mc
373 2819 402 2876 to
426 2813 461 2877 be
483 2811 613 2878 Kteorr‘
643 2813 742 2877 vertit
762 2811 874 2876 Elmsl.
907 2811 950 2877 sd
973 2812 1052 2878 Eur.
1074 2812 1249 2883 Meaatu

122 2937 249 3016 praeter
282 2951 376 3016 quem
410 2929 555 2996 adeundi
573 2940 648 2996 sunt
669 2931 786 2996 Herm.
807 2929 849 2996 ad
872 2929 946 3016 Vig.
967 2952 999 3017 p.
1022 2930 1085 2996 837
1116 2940 1148 2997 et
1168 2954 1248 3020 quoa

121 3048 214 3120 affert
236 3047 374 3116 Valken.
402 3047 450 3114 ad
476 3049 555 3116 Hdt.
578 3049 652 3116 Vll.
689 3051 760 3116 184.
793 3049 913 3116 Markl.
946 3048 989 3114 ad
1022 3050 1101 3116 Eur.
1135 3049 1247 3139 Suppl.

123 3191 153 3256 p.
177 3167 269 3232 1296.
301 3166 400 3254 Apud
424 3169 747 3256 Aristophanemhic
771 3191 846 3234 usus
868 3167 1100 3256 particularum
1120 3173 1175 3232 καὶ
1195 3168 1248 3260 δή,

127 3286 181 3372 qui
213 3285 344 3373 quidem
370 3309 434 3352 uon
463 3297 512 3352 est
549 3286 692 3352 difficilis
716 3286 895 3374 explicatu·
920 3289 963 3352 cx
1004 3285 1045 3372 δή
1070 3285 1248 3374 particulae

124 3403 364 3490 significatione,
387 3412 516 3490 praeter
548 3403 632 3469 huno
656 3403 761 3470 locum
786 3403 860 3469 'non
888 3413 1012 3488 exstat,
1035 3404 1248 3491 eundemque

124 3521 273 3610 Sophocli
294 3525 439 3608 ignotum
462 3545 530 3587 esse
556 3523 635 3587 dicit
656 3521 840 3588 Ellendtius
869 3521 966 3608 (Lex.
992 3520 1088 3620 Soph.
1112 3522 1139 3591 Ι.
1161 3521 1248 3604 884).

123 3625 219 3711 Falso
240 3663 319 3708 vero
341 3661 395 3707 eus
414 3641 576 3727 judicare,
600 3642 655 3728 qni
678 3640 758 3706 haec
780 3640 947 3706 enuntiata
969 3660 1047 3704 esse
1068 3639 1246 3725 interroga·

126 3760 187 3832 tiva
207 3767 387 3828 statuerent
405 3759 447 3828 H.
469 3757 828 3850 Sauppius‘.docuitsd
848 3755 1016 3823 Demostlt
1037 3755 1098 3821 ΙΙΙ.
1122 3757 1172 3822 18.
1194 3805 1196 3810 -

141 3896 159 3948 .“
206 3876 308 3943 Multo
328 3879 457 3964 saepius
478 3876 586 3961 καὶδή
607 3876 785 3964 particulae
807 3877 842 3942 in
860 3872 1123 3962 responsionibus
1137 3872 1247 3960 legun·

128 4007 188 4082 tur,
217 3997 274 4064 ubi
306 3999 472 4085 proprium
503 4014 621 4062 aarum:
644 3995 847 4062 essetecum
875 3995 951 4080 jure
980 3993 1065 4068 dicit
1097 3995 1247 4061 Hellerut

127 4114 495 4202 <Pui101.111.p.«303).
540 4115 662 4180 Novies
691 4115 753 4178 nisi
777 4112 1246 4202 fallor-apudssrlristophanem

128 4237 334 4303 inveniuntur.
374 4234 649 4302 ‚Non-shabentur
678 4233 714 4298 in
746 4232 942 4319 Lysistrata,
956 4261 959 4308 3
973 4230 1246 4313 Acharnensibus,

128 4353 301 4439 Equitibus,
314 4354 449 4442 {Vespia
472 4353 633 4420 habentur
654 4350 842 4438 inreliqnis
859 4351 1034 4419 comoediis
1053 4357 1127 4438 post
1147 4350 1246 4437 impe

974 4468 1022 4533 5*
