2874 4910
188 551 275 637 ὅμως
294 577 331 635 γε
350 556 458 638 pem
480 557 531 626 bit
552 557 712 644 leguntur,
745 552 843 646 Vesp.
867 558 960 626 1844.
1007 558 1089 625 Rnn.
1116 559 1170 626 61.
1204 560 1342 647 quibus

188 673 266 740 locis
301 672 390 758 ὅμως
415 675 543 742 leniter·
558 675 778 744 concludentis
810 687 871 762 est,
902 701 966 766 quo
997 677 1091 748 simul
1117 682 1339 745 enuntiatum

188 793 381 860 antecedens
403 792 605 882 aliquatenus
625 797 840 882 restringitur,
863 795 897 860 id
920 797 1007 884 quod
1029 797 1143 863 addite
1160 799 1342 886 particula

188 914 225 992 rs
248 923 394 998 augetur.
438 913 499 984 Est
519 915 618 1000 igitur
638 913 834 980 simillimum
856 917 1022 1003 particulis
1049 913 1133 1000 ἀτάρ
1152 936 1189 996 γε
1205 920 1341 999 μέντοι

131 1031 138 1038 ’
188 1031 347 1119 particula
367 1033 403 1097 in
423 1031 473 1098 his
494 1033 575 1101 fines
597 1035 754 1100 enuntiati
776 1055 839 1100 non
861 1035 1036 1121 egreditur,
1066 1045 1163 1122 atque
1195 1055 1342 1102 asseve-

189 1152 290 1217 rantis
321 1161 378 1216 est.
431 1151 567 1218 Prorsus
598 1152 712 1219 eodem
741 1152 839 1219 modo
865 1153 1042 1241 particulae
1072 1153 1162 1235 ὅμως
1189 1175 1225 1231 γε
1259 1155 1339 1238 μήν

189 1270 340 1358 leguntur
361 1270 448 1336 Nu'o.
471 1270 545 1337 631.
568 1271 634 1336 822
656 1281 689 1336 et
711 1270 821 1336 dorice
843 1271 918 1356 Lys.
936 1271 997 1338 144
1017 1272 1075 1340 ubi
1086 1271 1222 1338 verbum
1234 1273 1338 1338 ·‘sub-

187 1391 362 1456 stantivnm
400 1398 545 1478 tempore
585 1389 693 1455 futuro
718 1411 761 1454 ex
781 1389 1048 1456 antecedentibus
1091 1390 1335 1478 supplendum.

184 1508 290 1592 θ’μως
312 1506 556 1596 particulaoum
566 1509 739 1596 participio
761 1509 942 1596 conjunota‚
965 1508 1005 1574 de
1028 1529 1165 1596 quousu
1188 1507 1336 1576 dicendi

192 1627 297 1695 verba
318 1628 425 1696 iecere
446 1627 580 1693 Heindi.
610 1626 654 1692 ad
676 1627 758 1693 Plat.
784 1628 861 1715 Lys.
892 1649 925 1716 p.
949 1627 1023 1694 213.
1047 1629 1091 1692 'B.
1119 1627 1162 1692 ad
1183 1627 1332 1694 Theaet-

195 1742 259 1811 145
280 1745 323 1811 Ι).
345 1745 457 1812 Elmsl.
482 1745 525 1812 ad
546 1746 666 1812 Bacch.
690 1743 752 1812 787
777 1746 817 1811 ed
843 1745 1039 1814 Medissld.
1059 1747 1180 1833 Reisig.
1203 1747 1333 1813 Enarr.

192 1858 275 1931 Oed.
297 1863 368 1933 Ool.
390 1888 422 1953 p.
447 1863 568 1933 xovl.
590 1865 677 1954 apud
700 1864 950 1954 Aristophanem
971 1885 1036 1932 nou
1060 1875 1174 1949 exstat,
1203 1874 1237 1932 et
1271 1888 1332 1931 ne·

192 1983 259 2052 acio
275 2005 322 2049 ’an
345 1986 474 2051 omniuo
497 1984 670 2052 dicendum
693 2007 756 2050 non
779 1987 838 2068 sit,
861 1983 1098 2050 benedicendi
1120 1985 1280 2054 rationem
1305 2010 1330 2052 a

187 2117 339 2170 sermone
363 2105 559 2170 comicorum
582 2103 657 2170 ideo
680 2104 815 2169 ahenam
830 2123 917 2186 osse,
940 2093 1020 2192 qnia'
1038 2103 1176 2169 sublime
1190 2103 1329 2189 ¹aliquid

190 2221 228 2286 'in
249 2243 283 2286 se
305 2222 463 2307 continet,
492 2237 592 2310 quum
613 2221 649 2287 id
670 2240 722 2289 me
744 2225 862 2290 mirum
885 2213 1019 2307 habest,
1052 2222 1140 2311 quod
1155 2245 1203 2322 ,ne
1233 2221 1329 2310 apud

193 2339 333 2427 reliquos
355 2337 495 2427 quidem,
519 2341 757 2427 quosnovimns
779 2343 898 2407 atticae
918 2342 1106 2408 comoediae
1129 2348 1244 2430 postas
1263 2363 1326 2407 vo-

194 2458 267 2524 cula
289 2457 400 2540 ὅμως
396 2478 469 2525 cum
490 2459 662 2548 participio
684 2461 855 2546 conjuncta
877 2460 1004 2546 legitur,
1026 2477 1100 2526 nam
1119 2461 1153 2525 in
1171 2460 1328 2526 Alexidis

192 2578 251 2646 illo
271 2597 377 2663 versu,
398 2579 455 2666 (cf.
477 2579 575 2645 Mein.
594 2577 689 2647 Gom.
706 2577 825 2645 Graec.
849 2579 1078 2669 111.-‘48⁷)
1058 2602 1146 2663 apua
1169 2581 1218 2650 ad
1252 2580 1327 2660 tere

194 2701 337 2789 pertinet
354 2715 459 2850 neque
481 2719 560 2768 uero
580 2697 625 2769 ad
647 2698 777 2770 ἐκπιών.

283 3157 408 3226 Finem·
422 3155 521 3226 faciat
542 3155 702 3244 particula
729 3152 814 3241 cisalo
848 3154 903 3244 (ct'.
923 3153 1031 3224 Klotz.
1054 3152 1097 3220 ad
1129 3153 1250 3223 Devar.
1281 3152 1328 3219 II.

199 3276 272 3344 195.
289 3295 358 3365 sqq.
380 3251 615 3362 BiiumlsPart.
634 3297 665 3364 p.
679 3253 828 3364 50=aqqssl
851 3299 934 3364 quae
956 3273 1044 3362 apud
1073 3272 1327 3360 Aristophanem

197 3398 275 3463 satis
307 3395 493 3485 frequenter
522 3398 664 3464 occurrit
700 3417 897 3483 quamquam
926 3413 998 3462 eam
1029 3415 1093 3460 non
1120 3401 1187 3460 tam
1221 3391 1329 3460 multi-

198 3517 282 3584 faria
308 3516 435 3584 ratione
465 3513 614 3584 adhibuit
652 3522 689 3582 ut
720 3515 866 3582 fecerunt
898 3513 1032 3598 Tragici
1064 3519 1097 3577 et
1124 3508 1227 3612 Plato.
1272 3507 1327 3572 Sic

198 3633 458 3722 nonrespondet
476 3633 683 3716 ⁴antecedenti
711 3635 788 3718 μέν,
819 3655 924 3721 neque
947 3618 1164 3718 conjunctioni
1191 3627 1329 3724 inservit

199 3755 255 3818 rat
277 3763 429 3841 sequente
451 3762 487 3820 ut
519 3753 606 3840 apud
639 3753 806 3818 Platonem
840 3749 1001 3842 {exempla
1038 3748 1128 3816 dabit
1150 3747 1220 3814 Ast.
1243 3746 1326 3812 Lex.

199 3870 280 3938 Plet.
304 3872 333 3936 I.¹
352 3873 442 3962 299).
474 3872 574 3960 Apud
598 3874 753 3940 comicum
778 3868 895 3958 septies
910 3878 952 3935 ct
973 3868 1166 3956 quadragies
1198 3864 1327 3951 legitur,

201 3991 229 4056 si
255 3999 342 4058 recte
365 3979 495 4078 collegi,
518 3983 737 4080 q'uibusulocis'
758 3989 906 4056 omuibus
928 3989 1005 4054 setis
1028 3987 1136 4054 differt
1158 3984 1201 4050 ab
1223 3981 1325 4064 otte,

200 4131 395 4200 quamquam
417 4121 450 4178 et
471 4111 628 4177 librorum
650 4113 824 4199 scriptores
845 4119 879 4175 et
899 4107 1042 4174 editores
1065 4117 1232 4192 utramque
1255 4126 1328 4191 par·

173 4225 176 4232 ’
200 4207 332 4298 ticulum
353 4251 419 4294 non
440 4252 505 4295 uno
528 4229 845 4297 loeoconfuderunt.
889 4225 1054 4294 Particula
1076 4225 1163 4290 enim
1178 4220 1262 4306 ἀτάρ
1284 4245 1328 4288 ex

201 4347 276 4416 αὖτε
298 4348 454 4418 adverbio
477 4358 509 4413 et
530 4349 597 4433 ἄρα
618 4348 778 4437 particula
797 4355 881 4432 nata,
903 4346 1050 4434 quamvis
1069 4341 1228 4409 nonnullis
1250 4340 1328 4406 locis
