2874 4910
630 361 672 428 59

71 567 146 634 per
172 543 344 609 relativum
367 565 448 609 voce
470 539 511 627 del
532 549 661 608 auctum
684 541 807 610 indicat
819 551 940 628 auctor,
963 543 1115 610 acerbam
1133 544 1219 611 illam

74 685 207 730 vocem
230 661 399 728 Melanthii
422 661 570 728 omnibus
591 663 777 746 innotuisse,
798 664 845 729 ita
866 672 902 728 ut
922 685 981 729 nos
1003 671 1129 728 vertere
1150 686 1221 751 pos·

77 783 210 848 simus:
243 782 321 862 „der
337 781 377 865 ja
398 783 457 847 mit
477 781 589 847 herber
610 781 744 848 stamme
767 783 831 846 mir
858 782 1050 849 euactreitf‘
1094 782 1219 849 Eodem

79 900 191 968 modo
212 899 291 988 Lys.
316 901 399 968 1302
423 900 471 963 cot
493 897 535 984 δή
558 899 725 986 significat,
748 921 1008 989 unumquemque
1031 901 1131 985 scire,
1161 901 1220 966 fra-

80 1031 155 1086 tres
181 1019 327 1084 Helenae
349 1020 383 1083 in
416 1019 495 1106 ripis
523 1019 666 1085 Eurotae
697 1018 832 1103 saltare,
860 997 962 1106 quum
988 1019 1069 1085 Ran.
1101 1042 1132 1084 v.
1156 1018 1220 1084 679

81 1139 143 1222 ἐφ’
170 1133 212 1203 οὗ
234 1139 274 1224 δή
297 1137 427 1217 indicet,
453 1139 600 1204 omnibus
623 1119 678 1226 qui
702 1138 933 1227 Cleophontem
951 1146 1119 1222 noverunt,
1141 1136 1224 1203 bene

82 1268 206 1326 notum
229 1279 307 1342 esse,
329 1256 413 1324 hunc
429 1256 650 1344 demagogum,
673 1279 715 1322 ex
731 1257 873 1323 Thracia
883 1265 978 1343 gente
991 1266 1105 1341 ortum,
1127 1258 1224 1322 attice

85 1380 184 1468 loqui
205 1401 270 1445 non
291 1379 441 1466 potuisse.

162 1546 367 1614 ·Relativum
400 1545 485 1621 ὅστις
514 1545 565 1630 (de
596 1567 659 1634 quo
691 1545 733 1610 cf.
757 1545 942 1631 Kriigerum
976 1543 1002 1609 Ι.
1036 1543 1088 1608 51.
1115 1545 1166 1612 15.
1193 1543 1224 1629 1)

90 1690 171 1733 cum
204 1663 364 1754 particula
393 1661 433 1748 δή
464 1686 528 1729 non
555 1663 674 1750 legitur
700 1662 788 1752 apud
817 1662 1083 1751 Aristophanem,
1117 1672 1228 1728 contra

91 1783 180 1850 Ach.
202 1806 233 1847 v.
259 1784 273 1846 l
297 1781 415 1868 legitur
439 1779 500 1846 ὅσα
523 1781 564 1867 δή
585 1781 628 1846 ad
651 1803 751 1870 quem
773 1780 878 1847 locum
902 1789 990 1846 recte
1012 1780 1117 1846 schol:
1148 1779 1227 1844 α’δὲ

93 1902 138 1986 δή
162 1898 565 1986 σαμπαραπληρωματιαός
598 1898 736 1984 α’ύξησιν
767 1896 869 1984 δηλοῖ,
892 1897 1098 1984 Thucydidis
1120 1899 1228 1966 locum

96 2019 196 2086 simul
217 2019 270 2084 ille
293 2019 429 2085 afferens
460 2017 500 2104 (Ι.
524 2019 573 2104 1),
603 2040 667 2108 quo
701 2041 773 2084 cum
801 2017 872 2084 loco
902 2018 1145 2105 conjungendus
1182 2030 1230 2087 est

97 2139 182 2205 Ach.
206 2163 237 2205 v.
259 2139 323 2205 758
347 2139 397 2224 (cf.
413 2139 572 2225 Hartung,
594 2137 614 2202 l.
636 2160 664 2202 c.
687 2159 718 2226 p.
740 2137 816 2223 274)
838 2136 895 2203 ubi
912 2137 1112 2224 Megarensis
1134 2141 1229 2204 inter·

98 2268 249 2346 rogatus:

317 2412 347 2474 ct
369 2407 481 2474 rata
504 2408 661 2492 πράττεθ’
684 2405 716 2471 oi
738 2412 903 2494 Μεγαρεῖς
935 2365 1033 2490 aaa,

100 2557 352 2653 respondetote
375 2556 434 2646 δή,
466 2582 562 2648 quem
583 2561 778 2648 scripturam
801 2567 986 2647 corruptam
1021 2581 1089 2625 esse
1123 2568 1233 2625 censet

103 2679 294 2769 Elmslejus,
316 2682 385 2769 ipse
404 2680 548 2764 nescius,
579 2677 658 2766 quid
680 2679 721 2743 sit
742 2675 992 2762 restituendum,
1022 2676 1161 2743 addens·
1178 2675 1233 2742 cla

105 2798 147 2886 δή
179 2799 315 2864 fortasse
346 2800 576 2881 θαυμαστικῶς
604 2795 828 2885 accipiendum
862 2817 941 2861 esse.
997 2795 1037 2861 A.
1059 2795 1234 2863 Muellerus

106 2919 270 3006 explicare
297 2917 420 2986 studuit
450 2939 510 3007 per
533 2915 701 2983 Gallorum
723 2915 756 2980 la
777 2915 829 2998 la,
863 2914 1015 3003 supplens
1042 2912 1233 3000 πράττομεν,

106 3038 184 3104 mihi
205 3039 312 3126 potius
332 3037 375 3103 ad
398 3036 580 3122 analogiam
607 3034 738 3100 videtur
760 3033 993 3100 conformatum
1017 3055 1086 3098 esse
1120 3031 1234 3099 dictio·

108 3163 158 3227 nis
178 3157 263 3232 ὅστις
282 3156 322 3244 δή
374 3157 422 3223 Ut
442 3157 527 3222 enim
551 3154 636 3230 ὅστις
657 3152 697 3239 δή
724 3163 772 3220 est
793 3153 946 3238 „welcher
973 3153 1086 3238 ebea“,
1112 3155 1159 3218 sic
1182 3150 1235 3217 ota

110 3279 152 3364 δή
173 3288 220 3345 est
240 3298 328 3360 „was
350 3278 459 3359 ebea“,
494 3296 669 3362 sensusque
702 3272 764 3339 loci
799 3281 888 3361 patet
919 3294 1003 3356 esse,
1032 3273 1172 3338 vivimus
1200 3281 1237 3340 ut

112 3422 170 3490 pro
191 3407 301 3464 nostra
322 3395 515 3474 conditione
541 3393 644 3482 qualis
668 3399 723 3475 est,
746 3393 857 3456 vivere
868 3413 1045 3479 possumus,
1068 3400 1165 3479 atque
1179 3414 1236 3457 nu·

112 3520 180 3608 gari
202 3515 331 3583 videt-ur
352 3514 530 3598 scholiasta,
553 3511 719 3600 explicans
740 3507 793 3574 ota
816 3507 857 3595 δή
881 3507 1018 3573 evitari
1030 3511 1162 3573 τοιαῦτα
1185 3506 1235 3593 δή.

114 3641 183 3708 Hac
203 3660 281 3704 vero
303 3636 464 3702 locutione
486 3633 586 3699 multo
608 3639 657 3698 est
674 3632 819 3697 usitatior
844 3628 943 3696 dictio
965 3626 1016 3693 ὅτε
1036 3626 1078 3714 δή
1101 3628 1236 3714 (Btuml.

116 3758 230 3850 p.106
260 3758 420 3842 Hartung.
446 3754 472 3821 Ι.
504 3752 577 3819 257.
606 3751 831 3836 Hocgeveenii
852 3749 965 3816 Doctr.
996 3756 1079 3837 part.
1102 3771 1133 3836 p.
1166 3748 1237 3834 143)

115 3885 148 3948 in
169 3902 231 3968 qua
253 3875 295 3963 δή
317 3875 477 3965 particula
498 3871 624 3939 relativi
647 3869 735 3960 quod
749 3879 798 3936 est
818 3868 869 3934 ὅτε
883 3871 949 3935 vim
971 3871 1018 3934 ita
1041 3869 1239 3953 corroborat,

119 4009 154 4067 ut
173 4000 333 4086 exprimat
353 3993 523 4060 manifesto
545 3999 578 4057 et
599 3992 667 4055 sine
691 3988 792 4055 dubio
813 3986 894 4064 illud
914 3996 1040 4075 tempus
1056 3989 1240 4074 significari,

119 4118 199 4210 qnod
220 4140 280 4207 per
300 4112 491 4205 particulam
512 4109 723 4199 temporalem
744 4107 916 4190 indicatur,
936 4116 1024 4172 certo
1035 4106 1136 4174 limite
1146 4107 1241 4173 simul

118 4249 238 4328 tempus
260 4234 341 4302 illud
374 4233 562 4315 terminans,
596 4229 688 4316 cujus
717 4227 765 4292 rei
793 4223 955 4293 luculenta
985 4233 1059 4292 sunt
1091 4223 1240 4312 exempla

10 4399 13 4426 t
120 4353 342 4427 Aeh.1o.16.
386 4351 523 4418 Prorsus
545 4348 659 4416 eodem
682 4345 779 4414 modo
807 4342 888 4410 Ach.
912 4342 986 4410 535.
1010 4342 1061 4408 ὅτε
1083 4341 1132 4429 δή
1147 4364 1240 4409 accu-
