2874 4910
678 360 720 424 23

138 539 245 602 tinent
259 534 450 620 subjeetum,
471 534 506 600 id
526 533 622 622 quod,
643 534 857 622 praecedente
872 535 1028 624 subjecto,
1050 538 1163 603 eodem
1175 537 1270 604 modo

142 654 307 737 invenitur
328 653 388 739 Eq.
411 675 442 716 v.
465 652 516 717 76.
538 647 752 718 Aoousativus
772 653 942 739 singularis
965 677 1028 720 uno
1050 655 1133 722 Ran.
1153 679 1184 722 v.
1206 655 1268 720 901

144 778 253 837 exstat
274 793 338 858 quo
360 771 432 836 loeo
454 793 514 858 per
534 771 591 834 τὸν
604 774 670 853 μὲν
690 770 886 857 Euripidem
909 794 969 858 per
989 772 1044 836 τὸν
1074 771 1111 835 δέ
1133 773 1272 858 Aeschy-

143 888 214 956 lum
236 887 317 953 dicit
338 888 495 971 Bacchus,
517 887 790 974 pluralinumero
807 885 881 961 uode
899 890 962 970 μέν
984 925 1024 945 -ψ
1047 888 1121 965 τούς
1138 889 1176 953 δέ
1195 889 1272 978 legi·

144 1015 200 1072 mr
220 1006 302 1072 Aen.
323 1005 398 1072 442.
428 1006 489 1092 nq.
512 1006 576 1071 rvr
607 1006 685 1072 Pas.
715 1005 789 1088 4923,
817 1005 912 1070 uso.
935 1005 1021 1072 Plus.
1056 1007 1134 1091 soe,
1163 1008 1220 1074 usi
1239 983 1294 1075 vi'

146 1123 398 1202 demonstrativa
420 1131 592 1210 usurpatus
613 1131 663 1188 est
684 1121 837 1187 articulus
859 1122 974 1188 eodem
995 1123 1093 1194 modo
1114 1134 1151 1189 ut
1173 1125 1272 1213 Vesp.

150 1241 232 1306 1137
257 1240 472 1306 nominativus
492 1240 642 1328 pluralis,
673 1263 736 1327 quo
763 1239 834 1306 loeo
864 1245 898 1303 ot
923 1243 985 1322 μὲν
1009 1277 1048 1290 -
1072 1245 1105 1304 οἵ
1124 1239 1165 1304 δέ
1185 1241 1274 1307 inde·

147 1359 238 1426 finite
260 1357 382 1423 dietum
404 1367 461 1441 est,
484 1379 581 1445 quum
603 1357 701 1444 Vesp.
723 1355 786 1422 431
811 1357 937 1422 etRan.
961 1358 1003 1423 72
1026 1357 1155 1422 easdem
1178 1379 1274 1424 voees

153 1477 268 1543 melius
288 1499 349 1564 per
365 1495 562 1558 pars-pore
583 1483 701 1540 vertas.
728 1475 831 1540 Porro
853 1484 918 1549 τοῖς
941 1477 1116 1557 pinearum
1138 1474 1176 1538 δέ
1193 1478 1274 1543 Ran.

151 1593 237 1659 1054
258 1592 399 1659 exhibet.
422 1594 570 1681 Denique
592 1602 708 1659 neutra
729 1593 764 1656 ut
786 1597 846 1674 μὲν
867 1603 900 1658 et
917 1594 955 1656 ad
977 1595 1040 1676 priv
1060 1593 1274 1682 respondente

149 1712 189 1776 ad*
217 1711 255 1776 dri
278 1721 326 1776 nt·
345 1711 382 1775 roi
404 1709 450 1775 .δέ
478 1711 565 1797 apud
595 1710 845 1797 Aristophanem
883 1711 1050 1796 leguntur,
1083 1720 1116 1776 et
1144 1710 1274 1797 quidem

151 1831 243 1916 prius
252 1828 334 1893 Aeh.
347 1828 410 1893 813
421 1828 479 1893 ubi
489 1828 602 1894 addita
612 1850 693 1892 vocs
705 1827 820 1911 ἅτερον
831 1827 1031 1915 praecedens
1040 1827 1276 1894 substantivum

152 1944 308 2030 χοιρίδια,
337 1944 425 2033 quod
447 1947 490 2011 ad
512 1954 682 2032 utrumque
703 1944 909 2010 referendum
943 1954 993 2010 est
1022 1945 1204 2010 membrum
1231 1965 1275 2009 se-

155 2086 264 2152 quens,
286 2065 376 2150 quasi
398 2065 570 2150 repetitum
592 2063 654 2150 Eq.
678 2063 729 2146 76,
750 2085 815 2150 quo
837 2061 908 2129 loeo
930 2062 1165 2128 substantivum
1187 2083 1277 2150 prae·

154 2182 241 2249 cedit
260 2183 294 2247 in
315 2204 410 2256 versu
422 2179 633 2265 antecedenti,
654 2181 732 2268 Lys.
743 2181 809 2248 568
832 2190 864 2246 et
886 2181 970 2265 570;
992 2180 1081 2245 Eool.
1091 2180 1155 2245 623
1179 2201 1277 2267 quum

153 2300 190 2365 ent
210 2303 275 2384 pir.
291 2337 341 2350 -1
355 2305 394 2363 aot
416 2297 455 2363 δέ
485 2298 700 2386 praecedente
732 2299 877 2386 subjecto
911 2299 1059 2384 legantur
1088 2297 1171 2362 th.
1194 2297 1277 2379 9753

153 2425 305 2506 sequente
326 2419 360 2482 in
382 2437 574 2504 unoquoque
596 2416 758 2483 membro:
780 2416 871 2482 uoci.
893 2415 967 2482 654.
1007 2415 1133 2482 Similis
1154 2423 1202 2479 est
1216 2414 1276 2479 hv.

154 2537 218 2603 843
237 2537 295 2602 ubi
326 2535 426 2601 habes
447 2538 504 2599 τὸν
531 2538 592 2617 μὲν
615 2571 655 2582 -
676 2536 784 2619 ἕτερον
814 2531 861 2596 δέ.
905 2533 1055 2599 Breviter
1083 2531 1278 2604 monendum

154 2663 203 2721 est
222 2655 284 2720 hoe
305 2656 339 2718 in
362 2653 493 2720 dicendi
513 2675 640 2739 genere,
663 2654 691 2717 si
712 2653 806 2739 plura
837 2659 1014 2738 sequuntur
1048 2650 1207 2732 membra,
1241 2671 1278 2714 ea

152 2794 213 2859 per
233 2771 272 2835 δέ
292 2771 405 2836 inferri
425 2779 463 2835 ut
482 2769 583 2856 Vesp.
602 2770 678 2835 431.
700 2768 777 2856 Lys.
802 2768 852 2834 17.
876 2789 975 2855 quum
996 2766 1091 2855 plura
1114 2765 1224 2830 dehis
1245 2768 1278 2831 in

154 2885 372 2976 particularis
404 2887 576 2954 tractanda
604 2885 800 2974 proferenda
828 2887 901 2950 sint.
944 2885 1048 2951 Porro
1078 2877 1279 2972 aliquatenm

155 3005 252 3070 etiam
272 3003 323 3070 his
342 3004 527 3092 amphorae
550 3004 707 3093 exemplis
725 3027 769 3070 ea
780 3011 855 3069 sunt
865 3001 1117 3085 adnumeranda,
1138 3002 1279 3069 ubieon·

148 3123 274 3209 junctio
297 3113 455 3208 quaedam
477 3131 552 3188 ante
565 3124 625 3205 μέν
647 3130 680 3188 et
693 3119 732 3184 δέ
751 3121 911 3209 repetitur
930 3129 966 3187 ut
981 3119 1069 3207 apud
1090 3118 1280 3208 Aristopha-

152 3261 227 3306 nem
263 3240 443 3306 invenimus
477 3242 517 3325 ἢν
545 3243 607 3323 μὲν
634 3275 675 3290 -·
704 3241 745 3324 ἢν
775 3236 814 3301 δέ
843 3239 944 3326 Vesp.
977 3239 1052 3305 393.
1081 3237 1166 3304 Plut
1205 3236 1279 3302 247.

154 3357 228 3424 350.
249 3356 359 3440 εἰμὲν
382 3395 421 3404 -
444 3357 474 3420 el
495 3355 534 3420 δέ
555 3357 617 3444 Eq.
641 3355 714 3422 764.
736 3357 836 3444 Vesp.
857 3356 933 3421 572.
954 3356 1033 3421 Pae.
1056 3355 1131 3437 212,
1161 3377 1224 3442 qua
1245 3356 1279 3420 in

155 3475 295 3541 dictione
317 3477 415 3540 etiam
436 3475 540 3540 omitti
561 3496 655 3562 posse
676 3474 738 3554 μέν
758 3473 848 3538 testis
871 3479 919 3537 est
940 3470 1026 3537 Nnh.
1038 3495 1068 3534 v.
1088 3469 1164 3536 229.

238 3592 372 3659 Praeter
393 3591 452 3657 hos
472 3590 561 3659 locos
581 3588 701 3674 pen-os
721 3589 898 3679 partioul'ae
920 3588 1008 3676 apud
1029 3586 1278 3674 Aristophanem

154 3711 230 3776 satis
252 3707 359 3775 multis
381 3709 461 3775 loois
492 3707 643 3794 leguntur
672 3709 707 3773 in
736 3706 909 3772 enuntiatis
938 3727 1020 3792 quae
1043 3724 1109 3794 per
1137 3725 1172 3769 se
1205 3725 1279 3770 oon·

150 3835 254 3911 stant,
276 3835 310 3891 et
329 3828 471 3914 primum
494 3826 626 3914 quidem
648 3827 709 3909 ita,
741 3833 777 3890 ut
798 3826 832 3890 in
853 3823 970 3890 'eodem
991 3844 1088 3888 versu
1109 3831 1143 3888 et
1163 3823 1278 3911 positio

153 3944 316 4033 primaria,
339 3966 399 4030 per
414 3945 480 4027 μέν
501 3943 694 4025 introducta,
716 3950 749 4007 et
769 3941 964 4007 secundaria
984 3961 1064 4022 vore
1079 3937 1121 4004 dd
1142 3938 1278 4027 adJeota,

154 4061 312 4146 legantur,
328 4084 400 4148 ,qua
416 4063 455 4127 -in
476 4085 512 4127 re
534 4059 711 4150 particulae
733 4058 1025 4142 μὲν-1111141111]
1048 4080 1112 4124 non
1135 4066 1202 4122 tam
1223 4055 1278 4121 ad·

153 4180 315 4245 versativa
341 4181 375 4243 vi
407 4178 575 4265 leguntur,
609 4200 706 4266 quam
735 4176 936 4265 copulativa,
963 4178 1009 4242 ita
1037 4184 1073 4242 ut
1102 4174 1276 4254 enuntiata,

154 4301 237 4362 inter
265 4319 348 4384 quae
371 4299 505 4365 interior
526 4321 631 4374 nexus
653 4293 825 4362 intercedit
847 4293 960 4379 nullus,
982 4301 1118 4360 externa
1138 4289 1278 4377 quadam
