2874 4910
562 301 744 434 'es

147 553 275 620 Thesm.
297 553 362 621 630
384 575 447 640 quo
479 545 520 617 de
552 533 623 618 loen
654 550 800 617 conferas
830 547 928 613 velim
950 548 1036 614 Reis.
1070 545 1265 635 Oonjectt.
1296 544 1327 608 1.

148 696 179 762 p.
201 673 274 739 231.
297 672 394 737 Mein.
418 693 486 737 eur.
508 665 587 737 crit.
610 693 642 757 p.
664 669 716 734 24.
750 666 978 750 Fritzschiun'r‚
1001 662 1328 754 661ἢμτν165666

148 791 234 875 vult,
265 793 346 856 miro
379 788 474 855 modo
505 787 546 854 de
574 787 635 856 hoo
668 787 739 853 loeo
774 783 963 853 hallucinari
997 792 1083 850 reete
1111 781 1327 850 adnotavit

149 911 308 996 Engerus.

236 1025 348 1094 Restat
368 1033 404 1091 61
415 1025 516 1092 verba
538 1025 655 1090 faniam
677 1024 717 1089 de
739 1023 898 1112 particula
919 1023 1204 1104 utvwseumaliis
1222 1044 1325 1111 par·

150 1145 257 1210 ticulis
279 1145 458 1232 conjuncta.
494 1145 616 1232 Atque,
651 1153 685 1210 ut
717 1131 794 1209 inde
824 1142 1023 1231 proficiscar,
1056 1139 1143 1204 ἀλλὰ
1174 1144 1322 1224 μέντοι

151 1251 192 1327 de
216 1285 280 1350 qna
301 1237 533 1350 perticulamm
556 1263 780 1350 conjunctione
804 1261 906 1326 verba
936 1261 1014 1326 fecit
1031 1259 1136 1325 Klotz.
1161 1261 1207 1326 ad
1228 1261 1313 1326 De·

150 1403 220 1448 var.
242 1381 284 1447 Π.
308 1381 359 1449 60.
383 1382 455 1450 663.
478 1403 541 1448 uno
564 1390 688 1448 tantum
710 1381 781 1446 loco
803 1382 967 1447 invenitur
985 1379 1046 1445 Av.
1070 1380 1132 1446 291
1158 1380 1222 1448 nbi
1256 1380 1315 1444 le·

151 1501 272 1589 guntur
300 1501 374 1567 illae
405 1501 582 1589 particulae
614 1502 648 1566 in
681 1503 931 1587 interrogatione
971 1500 1127 1565 mirantis.
1182 1501 1313 1566 Inter·

151 1623 254 1708 posito
292 1620 399 1708 aliquo
434 1619 594 1686 vocabulo
635 1620 677 1684 ad
710 1619 797 1709 quod
836 1622 977 1708 pertinet
1013 1618 1174 1708 particula
1211 1619 1308 1702 μέν·
1423 1682 1424 1699 ¹

152 1759 215 1817 τοι,
250 1760 348 1826 quum
379 1759 438 1827 per
467 1733 555 1802 α’λλοί
588 1741 826 1805 enuntiatorum
853 1740 936 1804 ratio
966 1739 1167 1826 exprimatur
1196 1735 1304 1802 ἀλλὰ

156 1859 327 1939 -μέντοι
359 1856 412 1944 (ef.
443 1857 540 1924 Klotz
576 1859 618 1924 ad
660 1858 745 1925 Dev,
780 1857 824 1924 II.
854 1858 907 1922 60.
937 1857 1011 1941 6631
1048 1856 1168 1944 legitur
1205 1855 1302 1922 Aah.

154 1977 226 2041 6ο.
285 1975 503 2043 6661346.
550 1977 590 2042 In
616 1977 760 2068 ejusdem
805 1976 934 2043 fabulae
975 1999 1006 2041 v.
1043 1975 1105 2043 126
1146 1974 1202 2041 ubi
1235 1951 1299 2042 're-

154 2095 241 2182 gitur
272 2093 345 2158 dtu
377 2095 448 2160 οὐδ’
480 2094 542 2176 tre)
575 2098 683 2178 μέντοι
713 2093 763 2158 arcs‘
802 2095 961 2183 particula
994 2097 1098 2181 magis
1139 2093 1183 2160 ad
1211 2090 1296 2185 pro·

154 2235 271 2279 nomen
293 2214 465 2280 referenda
493 2214 636 2297 videtur,
666 2235 788 2302 perque
817 2211 897 2280 illud
926 2221 1029 2280 totum
1059 2214 1159 2280 afficit
1189 2231 1302 2282 enuit-⁴

155 2333 277 2398 tiatum.
311 2333 413 2398 Porro
436 2337 490 2396 καὶ
510 2313 617 2414 ututur
640 2355 720 2398 voee
742 2309 830 2399 nulla
851 2334 1041 2420 interposita
1062 2332 1181 2420 legitur
1195 2333 1292 2400 Eeel.

157 2449 231 2516 509.
255 2473 319 2538 quo
341 2451 411 2517 loeo
434 2454 552 2539 optime
563 2429 772 2537 intelligimus
792 2453 899 2533 μέντοι
911 2451 1104 2539 particulam
1122 2451 1165 2518 ed
1181 2439 1290 2541 ipsum

159 2569 395 2636 enuntiatorum
419 2571 677 2658 conjunctionem
699 2570 821 2656 majore
845 2591 919 2634 eum
941 2571 975 2636 vi
1005 2569 1202 2636 efferendam
1230 2585 1292 2660 'po-

157 2687 252 2755 sitam
274 2711 352 2776 esse,
374 2701 473 2778 quum
494 2699 671 2778 sequantur
693 2673 790 2756 voces
812 2687 853 2752 σύ
870 2691 940 2771 μὲν
959 2725 1004 2738 —-
1025 2687 1088 2768 ἐγώ
1112 2687 1159 2754 dt.
1182 2690 1289 2756 Inter·

157 2809 262 2895 posita
283 2797 347 2874 alin
369 2830 449 2874 voce
471 2812 529 2871 καὶ
551 2847 586 2858 -
617 2811 724 2892 μέντοι
741 2810 796 2896 (ef.
810 2807 950 2895 Krtiger.
971 2805 1004 2900 ξ
1017 2809 1068 2878 69.
1089 2805 1148 2896 36)
1166 2805 1289 2897 legitur

157 2919 512 3022 Αο1ι.544,’(16ο1666
534 2945 593 3014 pro
614 2927 773 3015 particula
795 2937 942 3014 quaeest
964 2930 1020 2990 κα1
1048 2929 1184 2996 fortasse
1214 2931 1290 3018 quis

160 3054 350 3133 exspectare
372 3044 472 3133 possit
492 3043 591 3136 6116,
615 3057 714 3134 quum
736 3047 971 3134 oppositionem
1004 3069 1062 3136 per
1088 3070 1160 3114 eum
1189 3051 1295 3137 pant·

160 3162 264 3230 eult'm
289 3162 473 3229 introducat
493 3158 597 3252 p'oetn
640 3163 805 3230 Particula
824 3165 933 3248 μέντοι
956 3167 989 3232 in
1008 3165 1125 3232 talibus
1148 3169 1289 3255 primum

159 3281 244 3348 illius
256 3281 343 3368 quo'd
352 3281 622 3368 praeceditverbi'
631 3285 697 3356 uim
706 3292 813 3370 auget,
821 3283 917 3350 simul
927 3305 1005 3352 vero
1017 3286 1082 3350 vim
1093 3307 1184 3351 suum
1196 3307 1289 3352 exer·

162 3403 260 3467 setin
281 3387 384 3466 toturn
407 3403 615 3468 enuntiatum.
649 3402 723 3468 Hee
733 3401 805 3468 loce
819 3391 1130 3491 'medisinterposita'
1142 3413 1189 3470 est
1203 3407 1289 3471 inter

161 3519 442 3604 advertissem
470 3529 503 3585 et
536 3518 678 3604 εὐθέως,
710 3542 803 3586 sensu
835 3530 923 3585 arete
954 3522 1141 3609 eonjune'ta,
1163 3521 1287 3588 'eodem

161 3623 258 3708 mode
280 3649 316 3707 ut
338 3641 423 3731 Ren-
436 3661 471 3704 'v.
497 3639 558 3708 166
588 3639 706 3726 legitur
727 3640 811 3705 inter
840 3642 962 3722 ταχέως
988 3650 1023 3708 et
1053 3640 1152 3707 πάνυ.
1196 3642 1296 3712 Oete·

165 3759 313 3826 rumille
337 3760 481 3825 Nubium
506 3777 603 3825 versu
626 3741 741 3824 eedem
763 3758 803 3828 lis
834 3767 951 3826 exorta
979 3748 1030 3848 est
1061 3761 1102 3828 de
1115 3763 1291 3850 seriptum,

163 3888 197 3946 et
217 3871 315 3967 quum
339 3888 412 3946 unte
435 3878 641 3944 Dindorfium
663 3877 827 3964 legeretur
848 3881 911 3961 μὲν
931 3881 1112 3948 venetiam
1132 3880 1195 3947 hoe
1212 3868 1287 3949 1666
1307 3956 1313 3962 ,

162 4005 250 4065 recte
272 3998 411 4064 restituit
444 3999 616 4084 genuinam
639 3999 833 4086 scripturam
858 3979 979 4082 μέντᾶν
1000 3999 1103 4066 11166.
1132 4000 1288 4067 661166.

114 4191 117 4198 ,
163 4115 297 4186 Miscell.
319 4138 351 4203 p.
373 4115 448 4182 496.
470 4116 596 4184 Eodem
620 4117 716 4183 modo
740 4119 794 4180 καὶ
814 4119 923 4199 μέντοι
940 4118 1161 4206 interpositam
1178 4133 1288 4184 vocem

163 4241 263 4300 ταῦτα
286 4244 403 4322 urgent
433 4235 513 4300 Aah.
538 4237 622 4304 1025
645 4216 706 4316 ubi⁴
725 4236 834 4302 verbis
865 4240 924 4312 καὶ,
951 4239 1051 4300 ταῦτα
1079 4215 1187 4319 nevum
1219 4222 1289 4323 gra·

164 4351 251 4422 detio
273 4341 380 4443 atique
402 4341 549 4438 efficitur,
576 4367 676 4442 quum
697 4356 834 4422 rusticus
857 4347 909 4421 ille
940 4367 1007 4420 non'
1027 4352 1218 4443 Dicaeop'uli
1241 4377 1285 4418 re·
