2874 4910
754 343 793 407 14

215 551 289 596 oum
324 523 459 594 articulo
492 522 705 610 conjunctum.
768 523 876 610 Atque
914 531 950 590 ut
981 523 1042 590 hoc
1073 525 1179 594 statim
1208 525 1360 607 addam,

216 645 450 714 substantivum
481 639 569 728 apud
598 640 754 706 comicum
784 647 898 726 quater
923 641 1083 727 particula
1110 643 1171 724 μέν
1192 652 1359 730 augetur,

216 764 298 831 th.
311 763 383 830 136.
406 759 467 846 uq.
488 758 563 825 598.
585 755 682 844 Vesp.
695 757 769 825 868.
799 757 968 823 11661171
993 757 1110 844 quibus
1126 759 1205 826 locis
1216 760 1358 826 addere

214 881 335 970 poteris
348 879 429 945 Rau.
447 875 538 959 1266,
553 873 609 941 ubi
631 881 705 961 post
726 895 841 940 nomen
854 875 1023 962 proprium
1037 875 1163 962 legitur
1177 876 1354 966 particula

214 1001 248 1064 in
269 998 449 1082 fragmento
463 990 653 1076 Aeschyleo.
698 991 823 1057 Horum
845 992 931 1056 euim
946 989 1090 1058 locorum
1110 1014 1281 1058 vereorne
1299 993 1355 1058 de

214 1133 407 1201 unoquoque
440 1110 533 1176 aliter
571 1109 776 1176 statuendum
809 1110 859 1174 sit
886 1107 967 1174 Ach.
989 1131 1020 1174 v.
1047 1109 1117 1176 136.
1140 1109 1238 1195 Vcsp.
1262 1109 1353 1179 868.

213 1228 386 1296 11661171
421 1229 482 1311 μέν
508 1229 543 1292 in
570 1228 663 1294 initio
694 1227 847 1320 oratiouis
878 1225 1047 1312 cujusdam
1074 1225 1207 1312 legitur,
1234 1227 1282 1292 ita
1304 1236 1353 1293 ut

214 1355 344 1435 praeter
365 1345 456 1412 Eccl.
487 1367 517 1409 v.
543 1344 602 1408 171
625 1345 686 1426 μέν
707 1345 811 1429 magis
831 1342 874 1408 ad
896 1351 998 1410 totum
1020 1345 1221 1432 enuptiatum
1241 1366 1349 1431 quam

214 1465 257 1531 ad
279 1463 513 1532 substantivum
535 1461 704 1548 pertineat,
726 1460 788 1547 Eq.
809 1482 840 1526 v.
854 1459 915 1524 199
937 1481 1032 1526 usum
1052 1459 1208 1526 habemus
1230 1460 1348 1526 home-

215 1587 337 1665 ricum,
371 1579 508 1666 denique
530 1578 592 1664 Eq.
614 1577 678 1645 598
700 1598 764 1642 uou
785 1585 851 1642 tam
874 1598 985 1643 eorum
1006 1559 1047 1643 in'
1061 1577 1347 1648 locorumuume-

214 1725 287 1769 rum
308 1696 498 1765 referendus
517 1703 580 1776 est,
607 1693 723 1781 quibus
744 1695 805 1776 pir
826 1694 1004 1762 solitarium
1024 1695 1151 1782 legitur,
1174 1719 1273 1784 quam
1294 1698 1346 1764 eis

215 1789 487 1908 adjudicanduln,
515 1813 573 1880 ubi
604 1835 663 1904 per
689 1811 904 1880 anoooluthou
935 1815 1038 1881 oratio
1067 1813 1161 1880 aliter
1181 1815 1344 1902 procedit,

215 1947 311 2027 atque
334 1936 375 2003 ab
397 1934 487 2001 initio
509 1940 767 2019 exspectaveras.
809 1931 918 2015 Quum
940 1934 1027 1997 enim
1048 1931 1195 2019 legantur
1218 1934 1341 2001 rerba:

303 2051 390 2117 ἀλλὰ
412 2049 472 2116 cdv
494 2053 531 2141 τῇ
557 2053 598 2141 γῇ
618 2052 678 2133 μὲν
700 2047 807 2114 αὐτῶν
833 2047 891 2113 orla
912 2050 998 2130 ἄγαν
1019 2049 1233 2139 θαυμάζομεν

300 2167 344 2244 ὥς
365 2168 407 2232 ὅτ’
431 2167 466 2242 ἐς
486 2166 543 2241 τὰς
568 2162 778 2246 ἱππαγωγοὺς
808 2163 987 2251 εἰσεπήδων
1016 2165 1177 2253 ἀνδρικῶς

215 2297 273 2372 μέν
294 2284 452 2374 particula
473 2284 698 2371 praeparative
727 2285 832 2371 posita
853 2283 1000 2367 videtur,
1031 2285 1094 2368 116,
1115 2293 1152 2352 61
1174 2295 1342 2373 exspecte-

215 2414 268 2471 tur
289 2404 466 2470 orationem
496 2399 675 2488 procedere
704 2399 728 2462 ἄ
749 2396 815 2464 o'tv
837 2399 990 2490 θαλάσσῃ
1013 2398 1083 2482 κιὲς
1112 2401 1207 2489 longe
1228 2411 1340 2470 temen

216 2544 308 2590 secus
329 2528 424 2608 poeta
445 2520 491 2584 ita
512 2517 676 2606 procedit,
701 2539 740 2584 ac
773 2519 801 2584 si
823 2525 918 2590 autea
943 2517 1014 2584 loeo
1036 2520 1125 2586 vocis
1147 2519 1231 2599 dyas
1254 2520 1342 2608 lege
1434 2536 1435 2607 g

215 2636 434 2712 1661161666.
1028 2701 1031 2707 ,

303 2758 406 2823 Porro
427 2763 464 2820 ut
484 2761 557 2840 post
586 2753 789 2821 substantiva
811 2755 907 2819 etiam
929 2761 1002 2842 post
1022 2752 1202 2841 adjectiva,
1230 2756 1343 2840 verba,

216 2874 373 2942 adverbia
404 2873 534 2960 ponitur
562 2872 622 2953 μέν
644 2869 832 2936 solitarium.
867 2870 921 2936 Sic
941 2880 1015 2959 post
1037 2870 1200 2958 adjectiva
1222 2873 1342 2959 legitur

216 2991 302 3058 Nub.
323 2991 397 3056 563.
425 2989 516 3056 1038.
537 2988 636 3075 Vesp.
659 2988 710 3053 77.
731 2988 808 3052 Ρ66.
834 2987 906 3052 673.
929 2988 1059 3054 Thesm.
1082 2989 1124 3054 97
1140 2989 1257 3078 dequo
1269 2991 1342 3058 loco

216 3107 324 3196 paullo
345 3105 430 3172 infra
452 3103 626 3172 dicendum
649 3105 718 3188 erit,
739 3102 878 3190 denique
891 3103 976 3170 Plut.
992 3105 1075 3186 4893
1097 3117 1171 3194 post
1183 3109 1344 3178 adverbia

218 3226 278 3292 νῦν
288 3224 349 3306 μέν
364 3222 440 3309 Lys.
452 3220 648 3288 5571231.
695 3219 784 3286 Eool.
804 3220 878 3288 361.
900 3221 965 3287 884
994 3221 1076 3286 orico
1096 3225 1228 3314 perqc
1248 3229 1343 3312 1131,

211 3342 278 3407 -Av.
300 3340 374 3408 656.
401 3338 493 3421 1503,
537 3335 601 3423 πρὸ
621 3341 676 3401 τοῦ
696 3339 758 3420 μέν
779 3337 869 3404 Nub.
891 3338 965 3406 654.
988 3339 1051 3404 ὅκα
1072 3343 1134 3425 μέν
1154 3341 1233 3406 Ach.
1257 3342 1340 3428 7543

217 3457 329 3521 ἐπάνω
353 3457 414 3538 μέν
442 3456 503 3521 Av.
532 3455 622 3520 1126
654 3455 770 3542 quibus
801 3453 881 3523 locis
901 3458 963 3538 μέν
983 3457 1079 3525 modo
1102 3460 1288 3525 concessiva
1309 3463 1344 3526 vi

217 3585 254 3644 ut
274 3574 361 3641 Nub.
372 3574 446 3658 654,
468 3573 575 3644 modo.
587 3573 782 3640 affirmativa
803 3583 839 3641 ut
860 3575 922 3640 Av.
944 3575 1018 3646 656.
1045 3576 1137 3660 1503,
1159 3585 1215 3642 661
1235 3579 1342 3666 ipsum

218 3691 411 3758 adverbium
442 3700 552 3776 urget,
586 3699 642 3756 aut
669 3690 715 3758 ad
741 3699 843 3758 totum
866 3694 1190 3779 mugiseuuntiatum
1208 3704 1342 3782 spectat.

219 3807 348 3874 Thesm.
370 3809 434 3875 575
455 3830 508 3873 me
530 3810 712 3880 consentire
742 3809 848 3876 fateor
870 3831 947 3888 cum
967 3809 1104 3878 (lobetio
1126 3820 1160 3876 et
1179 3809 1343 3879 Meinekio

218 3947 347 3991 versum
383 3925 564 3992 delentibus
586 3923 732 4013 quemvis
762 3925 813 3990 doe
842 3929 903 4010 plo
925 3929 1040 3994 referri
1061 3931 1162 4017 possit
1183 3928 1226 3995 ad
1246 3953 1343 3996 mem-

218 4046 312 4124 brum
335 4046 495 4124 omissum.
520 4043 738 4114 ,Aduerbiumv
755 4045 843 4131 quod
875 4053 923 4109 est
954 4045 1078 4130 πρῶτον
1100 4047 1232 4133 ejusque
1254 4048 1343 4114 vocis

220 4160 453 4250 superlativum
482 4184 556 4228 cum
584 4161 744 4252 particula
764 4165 841 4244 μέν,
875 4165 1014 4249 quaein
1034 4163 1160 4258 talibus
1174 4167 1243 4229 fere
1265 4184 1343 4230 sem·

220 4302 280 4368 per
301 4279 529 4369 praeparative
551 4280 691 4370 positum
714 4285 769 4363 est
793 4280 945 4368 conjungi
965 4279 1049 4348 infra
1064 4281 1245 4350 accuratius
1255 4280 1343 4348 vide·
