2874 4910
707 356 751 425 54

253 542 469 608 Transeamus
490 538 533 606 ad
565 537 849 624 interrogationem
879 536 1052 620 directam,
1080 559 1176 625 quae
1210 535 1320 600 decies

166 658 252 749 apud
278 657 524 747 Aristophanem
547 657 692 745 sequitur
712 677 809 722 voces
830 655 889 734 cira
905 653 956 741 δή,
979 665 1075 743 atque
1097 656 1150 720 ita
1178 653 1323 744 quidem

167 788 203 844 ut
224 778 360 844 verbnm
389 777 655 862 interrogativum
684 796 748 841 nno
780 796 907 862 quoquc
936 773 1007 839 loco
1034 775 1194 862 excipiat
1235 773 1322 838 hanc

169 895 435 964 adhortationem.
446 895 572 961 Horum
585 894 807 982 exemplorum
819 915 900 981 quae
915 901 1054 981 quatuor
1062 913 1216 959 numero
1230 912 1327 980 prae

168 1039 241 1083 sens
261 1025 388 1104 tempus
409 1015 444 1080 in
465 1014 718 1100 interrogatione
740 1013 895 1080 exhibent
916 1011 978 1101 Eq.
998 1013 1074 1078 482.
1114 1010 1220 1078 Nub.
1248 1007 1325 1074 636.

171 1133 249 1198 Pac.
273 1133 347 1198 922.
370 1131 434 1198 Av.
457 1132 521 1198 809
545 1133 592 1197 ita
613 1153 647 1198 se
669 1130 802 1215 habent,
834 1137 871 1197 ut
892 1132 947 1219 qui
969 1131 1152 1216 interrogat
1179 1149 1327 1216 respon·

169 1274 238 1318 sum
261 1251 401 1340 postulet
420 1251 462 1316 ab
484 1252 691 1336 interrogato,
721 1271 973 1338 responsumque
996 1251 1102 1337 ipsum
1136 1255 1323 1338 sequatur,

170 1378 298 1460 praeter
318 1371 380 1458 Eq.
403 1394 434 1437 v.
456 1368 522 1436 482
544 1369 602 1434 ubi
624 1368 749 1453 chorus,
771 1391 835 1456 qua
859 1376 907 1434 est
929 1367 1142 1456 impatientia,
1180 1366 1325 1453 Agora·

172 1490 245 1555 criti
259 1510 410 1577 responso
431 1511 496 1554 non
519 1497 734 1576 expectator.
757 1487 823 1554 485
851 1488 921 1575 ipse
955 1485 1146 1575 dicitquod
1170 1508 1317 1576 respon·

172 1607 277 1673 dentis
297 1607 420 1689 fuisset,
441 1605 476 1673 id
500 1605 587 1692 quod
608 1605 711 1694 probe
734 1604 895 1671 intellexit
915 1605 1128 1690 Ribbeekius,
1158 1613 1323 1672 vertens:

324 1725 423 1807 „Nus
444 1725 553 1808 sprich
575 1745 642 1791 was
665 1725 777 1791 denisi
798 1724 842 1790 da
853 1725 936 1808 jerat
957 1746 1000 1790 su
1023 1724 1147 1790 than?“

259 1845 441 1934 Sequantur
464 1843 545 1912 Rau.
569 1869 600 1912 v.
622 1843 697 1910 460.
730 1843 861 1910 Thesm.
883 1841 957 1910 765.
994 1843 1079 1910 Plut.
1109 1841 1153 1909 56
1188 1841 1319 1931 quihus

172 1965 251 2032 locis
272 1964 416 2032 futurum
437 1965 598 2052 sequitur,
620 1971 652 2032 et
673 1962 761 2028 Pluti
783 1961 915 2051 quidem
934 1985 1031 2029 versu
1053 1984 1117 2051 quo
1151 1962 1257 2030 vultu
1287 1967 1320 2024 et

174 2081 305 2150 consilio
338 2083 487 2171 loquatur
521 2081 618 2150 Cario
652 2083 771 2169 optime
799 2084 890 2170 patet
919 2104 962 2148 ex
992 2083 1205 2170 sequentibus
1257 2077 1315 2165 (cf.

173 2199 277 2268 Schol.
299 2200 369 2266 ah.
392 2201 413 2266 l.
436 2208 468 2266 et
490 2222 573 2288 quae
594 2200 668 2266 adn.
691 2200 884 2287 Thiersch.).
909 2200 1064 2268 Oeternm
1085 2199 1172 2267 huuc
1195 2201 1311 2267 locum

174 2341 216 2385 ex
239 2317 462 2384 emendatione
483 2317 623 2407 Bentleji
644 2320 716 2407 jure
739 2319 879 2387 editores
897 2320 1104 2386 restituerunt
1125 2318 1313 2386 novissimi.

173 2437 331 2504 Futurum
355 2460 434 2505 vcro
454 2438 512 2507 ubi
528 2441 673 2527 sequitur
683 2461 872 2528 responsum
880 2459 984 2528 neque
998 2438 1180 2528 postulatur
1199 2458 1310 2527 neque

174 2564 374 2643 expectatur,
395 2564 431 2626 ut
452 2558 581 2624 Thesm.
604 2557 668 2624 765
703 2559 920 2626 Mnesilochus
942 2580 976 2626 se
997 2560 1102 2648 ipsum
1124 2560 1312 2646 interrogat

174 2699 284 2743 secum
324 2686 476 2766 reputans
517 2676 558 2745 de
598 2677 675 2766 fuga
715 2679 839 2766 pariter
885 2685 980 2766 atque
1015 2678 1182 2766 Dionysus
1227 2676 1310 2744 facit
1417 2716 1418 2725 κ

177 2797 258 2863 Ran.
293 2821 322 2862 v.
361 2797 436 2863 460.
502 2797 564 2864 His
599 2797 679 2864 locis
710 2799 831 2885 optime
873 2796 1113 2884 subjunguntur
1150 2808 1307 2887 quattuor

175 2916 222 2982 illi
244 2938 388 3000 numero,
410 2916 445 2982 in
467 2915 583 3002 quibus
605 2917 829 3003 conjunctivus
858 2916 914 3004 qui
936 2914 1055 2982 dicitur
1072 2913 1309 2982 deliberativus

177 3035 233 3122 (cf.
254 3034 335 3101 Ran.
358 3058 389 3100 v.
405 3037 437 3118 1)
460 3036 494 3100 in
517 3035 769 3121 interrogatione
791 3035 937 3121 sequitur
960 3055 1056 3099 voces
1078 3033 1137 3112 ἄγε
1159 3032 1201 3118 δή
1226 3034 1306 3100 Pac.

175 3177 206 3217 v.
229 3151 304 3218 263.
326 3153 386 3217 hv.
410 3151 504 3217 1574.
527 3151 656 3218 Thesm.
679 3150 752 3217 652.
776 3151 857 3218 Ran.
881 3152 955 3218 277.
999 3152 1046 3219 Ut
1075 3152 1161 3218 enim
1191 3155 1227 3219 in
1259 3151 1306 3216 fu-

175 3280 249 3337 turo
271 3272 317 3334 sic
339 3270 437 3334 etiam
457 3269 492 3334 in
514 3269 563 3336 his
584 3269 889 3356 interrogationibus
910 3292 1099 3359 responsum
1121 3281 1307 3360 nonpostu·

178 3389 273 3458 latur.
319 3388 570 3478 Oonjunctivum
594 3390 679 3456 enim
712 3389 961 3456 deliberativum
983 3412 1057 3455 cum
1086 3389 1195 3456 futuro
1227 3391 1305 3458 satis

177 3517 268 3575 arcta
288 3510 528 3599 propinquitate
540 3511 746 3598 conjunctum
768 3531 837 3575 esse
859 3531 964 3598 neque
986 3511 1104 3576 mirum
1126 3518 1182 3593 est,
1205 3530 1305 3598 quum

178 3630 306 3697 omnino
329 3631 526 3717 conjunctivi
547 3629 688 3696 indolem
710 3629 846 3695 eandem
868 3628 1098 3704 inuniversum
1122 3651 1190 3695 esse
1208 3637 1305 3717 atque
1416 3606 1419 3678 i

177 3748 277 3816 futuri
298 3751 437 3816 sciamus
460 3748 511 3834 (cf.
529 3747 760 3834 Naegelsbach.
783 3747 824 3814 ad
841 3748 934 3817 Iliad.
955 3748 981 3815 I.
1004 3749 1048 3814 32
1070 3753 1124 3834 n),
1147 3756 1228 3813 eteo
1251 3747 1305 3813 de·
1416 3761 1417 3771 ¹

176 3876 381 3949 monstratur,
403 3868 491 3957 quod
513 3891 571 3957 pro
594 3869 800 3956 conjunctivo
822 3869 878 3936 illo
900 3890 965 3935 non
987 3890 1061 3933 raro
1084 3868 1227 3936 torturum
1249 3889 1305 3954 po-

177 3991 265 4056 nitur
286 3987 343 4073 (cf.
365 3988 523 4056 Fritzsch.
546 3986 589 4054 ad
610 3988 692 4053 Ran.
717 4010 747 4052 v.
771 3988 858 4074 310).
904 3987 1106 4074 Responsum
1140 4006 1304 4051 veronen

177 4113 267 4202 posci
296 4111 416 4199 optime
448 4109 542 4176 docet
564 4109 644 4176 Rau.
672 4108 736 4174 263
763 4130 868 4196 neque
891 4128 960 4172 rem
997 4104 1091 4172 aliter
1121 4127 1156 4172 se
1185 4104 1304 4171 habere

178 4230 311 4318 reliquis
331 4227 411 4295 locis
439 4227 549 4294 docuit
570 4226 768 4294 Fritaschius
790 4224 847 4311 (ad
869 4224 999 4290 Thesm.
1024 4222 1114 4309 652).
1159 4222 1304 4309 Utroque

179 4350 264 4414 enim
286 4348 358 4415 loco
381 4357 413 4413 et
435 4347 601 4433 Dionysus
633 4355 665 4412 et
694 4344 814 4412 femina
838 4343 988 4410 dubitant
1008 4340 1087 4430 quid
1116 4341 1159 4407 sit
1188 4341 1303 4406 facien-
