2874 4910
666 325 720 400 ¹‘bl

114 515 269 581 relativo
292 515 450 602 particula
473 514 515 601 δή
536 524 630 582 aucto
645 518 748 582 inesse
765 519 927 583 notionem
940 518 989 583 rei
1008 520 1154 584 omnibus
1170 529 1264 586 notae

117 635 259 698 monuit
281 635 449 718 Kriigerus
472 633 514 699 ad
537 634 677 721 Thucyd
709 634 751 698 Π.
776 635 849 698 102.
872 635 904 698 4.

222 754 356 819 Restant
366 753 536 816 Pae-1273
548 774 642 839 quem
658 755 810 839 praeterii
821 777 884 840 non
897 754 982 840 quod
1000 776 1059 819 usu
1071 753 1185 836 differt,
1204 755 1264 819 sed

125 873 213 958 quia
236 894 278 935 ex
300 872 436 936 Homeri
470 871 572 936 Iliade
606 870 793 958 desumptus
823 881 871 936 est
914 872 963 957 (cf.
993 873 1030 936 Il.
1053 873 1147 937 XXI.
1178 873 1263 956 448),

126 1000 162 1055 et
187 991 270 1056 Rau.
293 980 367 1073 771,
389 989 446 1055 ubi
469 1012 582 1077 parum
605 999 693 1054 recte
716 990 881 1076 vulgatum
905 987 955 1053 ὅτε
977 989 1019 1075 δή
1041 1015 1060 1056 a
1082 991 1263 1057 Fritzschio

125 1110 163 1174 in
190 1106 242 1172 ὅτε
265 1107 364 1191 δὀὔν,
388 1131 407 1172 a
430 1107 593 1172 Meinekio
623 1109 657 1172 in
685 1107 735 1170 dra
758 1107 796 1170 δέ
829 1132 903 1174 cum
934 1109 1029 1175 codd.
1060 1109 1153 1176 Cant,
1180 1110 1206 1173 I.
1231 1120 1262 1176 et

128 1227 261 1313 Harlej.
286 1235 443 1292 mutatum
478 1228 594 1314 inveni.
640 1228 761 1312 Negari
788 1227 869 1292 illud
898 1229 1029 1315 quidem
1057 1252 1121 1295 non
1150 1237 1265 1316 potest,

130 1346 186 1410 dae
211 1347 248 1409 δέ
272 1349 390 1435 optime
414 1369 506 1435 posse
529 1347 616 1426 ferri,
641 1370 738 1434 quum
769 1349 953 1413 notissimus
980 1350 1021 1413 sit
1049 1373 1123 1414 usus
1144 1371 1202 1436 per
1225 1349 1262 1412 δέ

129 1468 313 1532 orationem
340 1466 550 1531 continuandi
578 1467 723 1546 „etiamsi
753 1487 791 1532 ea
820 1469 955 1532 alterius
989 1468 1084 1532 dictis
1113 1469 1263 1549 interpel-

131 1589 205 1652 lata
224 1587 346 1668 suerit‘
371 1584 425 1672 (cf.
449 1579 558 1651 Herm.
581 1585 623 1650 ad
645 1586 755 1672 Viger.
780 1611 811 1674 p.
838 1588 921 1671 843).
966 1587 1062 1652 Adde
1086 1588 1171 1675 quod
1195 1609 1259 1652 om-

132 1710 212 1770 nino
236 1703 276 1790 δή
300 1714 332 1769 et
354 1703 392 1766 δέ
413 1705 591 1792 particulae
617 1725 714 1792 saepe
738 1714 974 1771 commutantur
996 1707 1045 1790 (cf.
1075 1707 1196 1772 Jacobs
1220 1706 1261 1771 ad

135 1823 256 1888 Achill.
280 1823 351 1890 Tat.
379 1847 409 1911 p.
440 1823 513 1889 738.
541 1823 733 1889 Scho'mann.
760 1823 812 1889 ad.
844 1825 971 1889 Isaeum
1001 1848 1031 1912 p.
1063 1825 1152 1911 324).
1196 1824 1262 1889 Sed

135 1943 214 2006 inde
237 1964 300 2008 non
323 1942 469 2026 efficitur,
491 1942 552 2008 hoc
575 1941 645 2008 loco
669 1942 832 2027 vulgatam
856 1943 933 2006 ferri
956 1962 1020 2006 non
1037 1964 1140 2030 posse,
1162 1965 1262 2030 quum

138 2063 256 2150 optime
278 2062 400 2148 fingere
422 2055 525 2151 possis
542 2070 614 2149 post
635 2085 665 2126 v.
684 2062 748 2127 770
766 2061 908 2127 Aeaeum
929 2063 1077 2144 tacuisse,
1099 2060 1262 2126 Xanthiae

134 2204 214 2248 vero
236 2183 486 2267 interrogatione
509 2155 708 2247 admonitum
731 2184 777 2251 ita
799 2184 992 2270 perrexisse,
1022 2189 1057 2247 ut
1079 2181 1188 2246 verbis
1210 2178 1258 2242 dra

136 2300 178 2386 δή
208 2301 313 2367 denuo
343 2303 433 2388 quasi
464 2303 631 2389 inciperet.
676 2301 768 2383 Quae
798 2300 896 2389 quum
931 2304 976 2367 ita
1006 2304 1069 2366 sint
1099 2298 1261 2365 Kockium

135 2421 305 2487 lectionem
344 2422 507 2508 vulgatam
545 2444 713 2486 revocasse
746 2424 876 2508 gavisus
909 2445 988 2487 sum.
1014 2477 1018 2484 .
1041 2421 1147 2508 Atque
1174 2417 1262 2507 quod

136 2541 222 2627 apud
246 2541 422 2604 Homerum
447 2542 575 2628 saepius
596 2540 714 2626 legitur
739 2538 789 2602 ὅτε
812 2539 861 2624 δή,
896 2540 931 2603 id
965 2540 1052 2627 apud
1076 2537 1262 2625 Aristopha-

136 2680 209 2722 nem
231 2658 349 2724 frustra
371 2681 516 2745 quaeras.
563 2659 731 2742 Leguntur
754 2661 839 2722 enim
862 2675 960 2722 voces
992 2656 1060 2720 τότε
1095 2656 1136 2740 dq'
1166 2657 1262 2721 certis

137 2779 213 2844 locis
243 2779 330 2866 apud
364 2779 538 2862 comicum,
571 2799 706 2864 quorum
737 2799 815 2843 vero
847 2777 989 2843 locorum
1023 2797 1105 2842 unus
1138 2784 1261 2841 tantum

139 2921 229 2962 usum
252 2897 385 2962 exhibet
406 2896 597 2981 Atticorum,
621 2896 735 2984 reliqui
758 2919 817 2984 per
839 2895 1007 2984 parodiam
1039 2918 1130 2961 usum
1153 2894 1261 2958 home-

138 3018 238 3082 ricum
266 3024 458 3100 monstrant,
489 3037 587 3103 quum
618 3037 659 3080 ex
693 3016 829 3082 oraculis
861 3014 1021 3102 desumpti
1048 3015 1121 3078 sint.
1181 3013 1261 3079 Loci

138 3143 208 3200 sunt
229 3134 289 3200 Av.
305 3135 378 3200 985.
401 3135 462 3221 Eq.
477 3135 549 3217 199,
572 3136 605 3200 in
628 3135 745 3222 quibus
768 3137 829 3200 nisi
847 3136 916 3221 jam
940 3145 1078 3199 metrum
1091 3133 1259 3221 parodiam

138 3251 292 3316 indicaret
314 3261 400 3318 certe
422 3252 506 3317 male
528 3276 587 3318 nos
610 3254 744 3319 haberet
766 3253 853 3342 apud
877 3255 1021 3319 Atticum
1045 3252 1086 3338 δή
1110 3255 1144 3317 in
1162 3275 1260 3316 mem·

138 3370 186 3435 bri
207 3371 308 3435 initio.
335 3361 449 3436 'Hunc
472 3373 558 3435 enim
580 3394 671 3436 usum
695 3372 894 3437 homericum
924 3395 992 3438 esse
1011 3373 1079 3458 jam
1102 3373 1185 3436 inter
1207 3394 1260 3435 ve·

138 3499 217 3553 teres
240 3490 416 3572 constabat,
437 3498 474 3554 ut
495 3498 584 3576 patet
608 3511 650 3553 ex
671 3477 833 3554 Eustathii
857 3491 963 3555 verbis
994 3489 1037 3554 ad
1065 3489 1147 3552 Iliad
1179 3491 1204 3550 έ.
1227 3512 1257 3552 v.

141 3607 212 3673 136:
241 3607 406 3688 πολλαχοῦ
428 3607 489 3690 γάρ
513 3607 593 3670 κατὰ
616 3606 804 3686 γλώσσανό
835 3607 965 3692 ποιητὴς
996 3607 1030 3668 τὸ
1062 3604 1104 3690 δή
1130 3608 1259 3690 τίθησιν

139 3725 319 3810 ἐνκαταρχῇ
342 3726 488 3807 ἐννοιῶν,
514 3724 606 3801 ὅτοῒς
629 3725 1134 3810 πεζολογοῦσινᾱσύνηθέςἐστιν,
1162 3747 1257 3812 quem

138 3847 376 3932 grammaticum
399 3857 551 3934 sequutus
574 3857 622 3912 est
644 3848 784 3934 Vigerus
807 3871 838 3934 p.
860 3847 925 3910 495
946 3846 1003 3910 ubi
1025 3844 1157 3912 adnotat
1178 3846 1258 3910 Her-

138 3989 273 4050 mannus,
297 3965 338 4051 δή
360 3989 400 4030 ne
422 3967 455 4030 in
478 3966 625 4031 versibus
659 3966 789 4054 quidem
819 3965 905 4053 apud
929 3966 1054 4030 Atticos
1085 3967 1256 4053 praemitti,

139 4086 170 4150 id
191 4085 274 4174 quod
296 4087 457 4150 neminem
489 4087 607 4150 mirum
638 4087 756 4172 poterit
784 4085 921 4167 habere,
952 4106 1050 4171 quum
1073 4108 1115 4149 ex
1143 4085 1254 4150 eodem
1313 4119 1315 4124 ν

137 4204 186 4270 illo
208 4205 373 4270 Eustathio
397 4215 596 4291 compertum
619 4205 804 4288 habeamus,
827 4227 897 4268 eam
921 4203 960 4268 de
985 4227 1048 4291 qua
1065 4206 1189 4287 agimus
1212 4203 1255 4266 lo·

139 4325 290 4388 cntionem
313 4326 469 4408 ionicam,
493 4333 524 4389 et
547 4325 649 4390 Mileti
673 4324 802 4411 quidem
832 4325 986 4389 usitatam
1012 4324 1127 4387 fuisses·
1164 4321 1256 4388 Dicit
