2874 4910
685 303 735 374 db

111 483 198 548 nisi
211 482 385 566 intelibus,
395 506 492 571 quum
503 495 592 554 certe
608 485 663 552 lex
675 485 835 572 quaedam
849 508 892 552 ex
905 488 1151 563 comoediarum
1160 493 1276 565 ordine

116 603 303 670 efficiuon
314 603 513 690 possittorte
528 626 598 670 rem
606 606 720 674 miram
730 615 838 673 notam
852 627 921 670 esse
937 605 1111 676 dicendum
1120 611 1170 674 sit.
1194 601 1274 682 Par-

118 721 245 786 ticula
258 721 376 803 μέντοι,
393 743 477 808 quae
495 743 537 786 ex
555 723 624 806 μέν,
640 721 675 786 id
689 731 737 788 est
753 722 826 806 μήν,
843 724 1002 810 particula
1019 734 1053 790 et
1067 729 1115 789 τολ
1132 737 1202 793 orta
1218 739 1274 813 est,

119 839 312 925 utriusque
320 838 436 904 harum
444 840 673 927 particularum
682 813 950 926 significationem
958 842 1275 934 exhibetitatamen,

123 967 180 1043 ut,
198 981 301 1046 quum
319 959 406 1046 apud
420 961 599 1028 Homerum
609 962 670 1043 μέν
684 959 869 1052 τοι-(1101111
880 963 990 1028 verbis
1010 965 1203 1052 inveniatur,
1225 969 1275 1050 (cf.
1368 947 1371 954 Δ

124 1078 170 1142 11.
185 1078 284 1144 Vm.
297 1079 386 1162 294),
408 1077 496 1166 apud
518 1079 641 1148 Atticos
664 1089 695 1146 et
716 1080 824 1161 μέντοι
847 1089 880 1146 et
894 1084 1005 1146 ,καίτοι
1027 1085 1060 1148 in
1083 1108 1181 1150 unam
1205 1109 1276 1154 coa-

126 1196 265 1263 luerint
285 1219 409 1262 vocem.
433 1198 493 1282 (cf,
503 1197 643 1264 Ellendt
667 1199 748 1282 Lex,
763 1198 858 1287 Soph.
883 1199 923 1264 II.
947 1225 978 1288 p.
1002 1202 1053 1267 79.
1075 1203 1148 1290 sq.).
1170 1205 1275 1274 Utun-

128 1324 194 1382 tur
225 1316 288 1382 hac
322 1315 480 1404 particula
511 1317 602 1381 attici
630 1320 785 1384 sermonis
823 1321 1011 1406 scriptores,
1042 1323 1190 1409 interque
1219 1348 1276 1392 ees

135 1434 387 1524 Aristophanes,
409 1434 452 1500 ad
475 1435 658 1520 augendam
671 1439 760 1504 vocis
783 1448 838 1506 ant
853 1441 1010 1506 enuntiati
1022 1441 1188 1527 cujusdam
1201 1445 1276 1527 vim,

136 1565 244 1644 atque
266 1559 312 1623 ita
334 1559 474 1644 quidem,
496 1569 532 1625 nt
552 1583 630 1626 mox
652 1557 695 1626 ad
719 1561 920 1634 enuntiatum
948 1560 1142 1650 antecedens
1174 1553 1276 1648 respi-

136 1677 210 1742 ciat
233 1679 302 1764 ejus
324 1680 390 1759 vis,
415 1701 492 1744 mox
525 1681 631 1766 ipsum
670 1677 893 1752 tautummodo
927 1681 1126 1747 enuntiatum
1156 1681 1277 1747 afficiet

136 1797 176 1860 in
197 1818 263 1883 quo
284 1797 417 1882 legitur,
440 1808 475 1862 ut
497 1799 578 1864 Ren.
600 1822 631 1864 v.
655 1797 708 1864 61.
732 1797 871 1864 Talibus
896 1797 989 1879 loeis,
1011 1799 1096 1863 inter
1118 1821 1198 1884 quos
1218 1821 1274 1885 po-

137 1916 303 1980 tissimum
315 1917 507 1984 numerandi
530 1926 604 1983 sunt
626 1918 667 1998 ei,-
687 1916 804 2004 quihus
828 1917 862 1981 in
873 1916 1137 2004 responsionibus
1157 1916 1275 2002 legitur

142 2031 320 2122 panicula,
349 2057 451 2123 prope
463 2033 599 2102 accedit,
612 2035 655 2101 ad
678 2034 828 2102 adverbii
860 2034 1000 2122 aliquam
1023 2033 1267 2102 similitudinem

144 2162 179 2218 et
200 2155 337 2220 orationi
359 2156 500 2242 speciem
533 2153 627 2222 addit
658 2157 708 2222 rei
737 2154 890 2220 incertae.
931 2156 1037 2241 Atque
1069 2162 1106 2219 ut
1133 2155 1274 2242 primum

142 2297 200 2340 eos
220 2273 307 2341 locos
328 2274 363 2340 in
385 2295 516 2340 censum
538 2291 661 2354 vocem,
684 2273 741 2342 ubi
764 2275 873 2355 μέντοι
899 2271 1067 2360 particula,
1089 2275 1124 2336 in
1145 2295 1275 2359 respon·

138 2393 235 2478 ,sione
256 2394 377 2481 posita,
399 2413 513 2464 vocem
535 2392 673 2480 aliquam
695 2402 809 2478 auget,
838 2393 1043 2464 autenmnia
1064 2393 1092 2458 is
1123 2413 1198 2470 usus
1221 2399 1270 2458 est

142 2512 311 2591 notandus,
334 2535 429 2600 quem
440 2512 584 2600 sequitur
598 2511 841 2599 Aristophanes,
858 2519 911 2595 ut,
932 2513 958 2574 si
972 2510 1102 2598 quaudo
1115 2512 1271 2596 quiscum

138 2631 359 2698 admiratione
382 2634 578 2732 internigat,¹
592 2631 729 2700 alterurn
752 2628 1000 2716 respondentem
1032 2628 1131 2694 faciat
1159 2627 1272 2694 addita

147 2751 303 2840 particula
323 2752 440 2835 μέντοι.
481 2751 541 2816 Sic
564 2773 592 2815 e.
615 2772 647 2836 g.
670 2749 734 2835 Eq.
756 2771 787 2813 s.
813 2748 1073 2842 itidlegimusa

282 2869 364 2950 tyci,-
390 2906 428 2916 —
452 2870 490 2932 σι)
512 2870 630 2972 μέντοι.
662 2864 823 2930 κὀὕδέπω
844 2889 879 2946 γε
911 2866 1017 2930 πάνθ’
1040 2864 1153 2950 ὁρᾶς.-

150 2987 396 3076 Obstupefactus
418 2996 467 3052 est
488 2985 701 3072 Agoracritus
723 2985 867 3050 oratione
890 2986 991 3069 servi,
1014 2984 1069 3072 qui
1100 3007 1271 3082 eum'mox

150 3129 251 3173 rerum
275 3106 363 3196 apud
378 3105 591 3172 Athenienses
626 3128 695 3171 esse
712 3106 898 3194 ,potiturum
924 3103 1010 3188 dicit,
1044 3114 1077 3186 et
1093 3129 1191 3193 quum
1207 3128 1270 3170 non

151 3224 319 3310 intelligat,
344 3225 522 3312 quomodo,
544 3234 580 3290 ut
601 3227 671 3310 ipse
693 3233 805 3312 postea
828 3223 922 3307 dicit,
952 3221 1203 3309 ἀλλαντοπώλης
1225 3227 1271 3288 dv

152 3342 235 3428 ἀνὴρ,
257 3344 291 3408 id
314 3354 362 3410 est
384 3344 479 3410 homo
502 3339 598 3430 frugi,
622 3325 702 3408 fieri
715 3344 825 3430 possit,
847 3365 1056 3430 summopere
1068 3345 1203 3408 miratus
1224 3345 1270 3408 in·

151 3471 286 3550 terrogat
304 3463 384 3542 ἐγώ
402 3464 454 3528 cui
468 3464 495 3526 si
508 3462 681 3548 respondet
698 3485 810 3527 servus
828 3461 865 3526 σύ
875 3462 991 3544 μέντοι,
1000 3459 1094 3524 facile
1107 3459 1269 3544 *intellegis

153 3605 204 3672 per
223 3581 411 3670 perticulam
433 3577 542 3663 μέντοι
564 3603 742 3668 pronomen
764 3603 889 3646 summa
911 3601 985 3644 cum
1007 3581 1041 3643 vi
1063 3578 1188 3660 efferri,
1210 3598 1269 3642 nec

154 3701 284 3786 negabis,
307 3703 414 3784 μέντοι
428 3702 463 3766 in
483 3701 602 3768 talibus
624 3700 711 3769 idem
730 3697 838 3765 valere
857 3709 952 3786 atque
973 3697 1162 3763 Latinorum
1187 3705 1269 3763 corte

157 3820 378 3886 Germanorum
428 3821 613 3904 atlerdinps.
684 3818 868 3884 Persimiles
908 3827 982 3884 sunt
1016 3817 1078 3881 loci
1122 3817 1198 3882 Pac.
1238 3839 1267 3882 v.

159 3939 237 4022 1290,
260 3939 317 4005 ubi
340 3938 476 4024 legimus
501 3939 539 4000 σύ
561 3938 679 4017 μέντοι,
704 3937 741 4020 νὴ
765 3939 846 4019 Δία,
867 3945 903 4020 ut
926 3957 963 4000 eo
986 3937 1089 4022 magis
1117 3937 1268 4001 efferatur

157 4057 355 4145 responsionis
376 4058 442 4141 vis,
465 4055 578 4122 eodem
601 4053 964 4136 modoutAv.1651,
999 4062 1032 4118 et
1063 4076 1125 4120 non
1156 4054 1268 4118 addita

154 4174 350 4263 jurisjurandi
379 4174 516 4240 formula
532 4174 613 4258 'Lya
634 4173 708 4238 498.
739 4171 828 4238 Eccl.
861 4172 953 4238 1130.
983 4173 1037 4252 (cf.
1065 4172 1196 4238 Heindf.
1225 4173 1267 4237 ad

137 4295 223 4362 'Pte
244 4295 367 4382 Cratyl.
390 4293 456 4360 430
479 4295 543 4378 Bu.
586 4293 695 4379 Atque
723 4313 821 4380 quum
842 4265 940 4386 semel
969 4293 1164 4356 mentionem
1186 4291 1269 4358 iece-

997 4409 1045 4476 3*
1153 4416 1157 4422 ’
