2874 4910
659 345 713 422 45

145 599 147 604 .
212 539 326 624 Neque
348 538 474 624 longius
498 537 733 606 disserendum·
748 541 810 604 erit
831 538 874 604 de
902 538 1064 626 particula·
1088 537 1252 626 tanaus.

107 656 249 725 Betuml.
271 655 361 724 Part.
383 680 415 744 p.
440 657 503 724 170
526 659 608 745 sqq.)
631 658 750 745 quippe
773 679 856 745 quae
884 658 918 722 in
939 655 1155 746 Aristophane
1176 677 1252 743 qua·

107 786 169 842 ter
193 784 318 842 tantum
339 775 599 872 solakappareat,
629 777 863 862 significatione
884 776 1004 843 latinae
1034 777 1122 844 vocis
1144 783 1250 850 tamea

111 895 174 982 (cf.
202 896 304 962 Zeun.
326 894 370 960 ad
392 895 504 982 Viger.
536 918 567 983 p.
591 895 680 981 428).
702 896 839 982 Legitur
861 897 959 985 Vesp.
981 920 1012 962 v.
1036 897 1078 962 92
1108 895 1165 962 ubi
1187 895 1249 964 sibi

110 1003 318 1102 respondent
339 1013 402 1076 κᾶν
425 1051 466 1061 --
490 1011 585 1095 ὅμως,
608 1013 667 1080 Au.
684 1037 714 1080 v,
728 1015 781 1099 83,
803 1014 861 1081 ubi
882 1023 1036 1102 sequente
1057 1015 1249 1104 imperativo

111 1135 235 1200 aoristi
266 1134 500 1221 oppositionem
523 1133 628 1217 infert,
657 1134 739 1206 Rau,
765 1134 859 1200 1036.
892 1133 982 1206 Eccl.
1006 1133 1080 1199 889.
1125 1133 1251 1208 (leteris

111 1252 202 1318 locis
225 1254 374 1320 omnibus
396 1252 555 1340 particula
578 1251 664 1332 ὅμως
675 1275 749 1318 cum
771 1252 842 1317 aliis
856 1251 1023 1340 particulis
1034 1253 1248 1339 conjungitur,

112 1381 149 1436 et
172 1373 315 1458 primum
338 1371 469 1458 quidem
493 1371 611 1438 dicitur
643 1381 694 1437 sat
713 1372 821 1448 multis
852 1371 932 1438 locis
958 1368 1040 1466 Ja'tt’
1073 1370 1160 1454 ὅμως
1192 1369 1248 1458 (cf.

113 1489 229 1554 Klotz.
253 1489 295 1554 ad
317 1490 441 1556 Devar.
463 1491 508 1556 II.
531 1515 569 1578 p„
585 1491 627 1558 72
650 1496 741 1579 sqq),
768 1491 1070 1579 quorumlocorum
1091 1490 1249 1586 imprimis

114 1607 287 1673 mirabiles
317 1617 391 1674 sunt
411 1608 500 1680 Ach.
517 1609 591 1676 402
621 1619 653 1684 et
673 1609 754 1694 408,
788 1633 808 1676 a
830 1609 960 1676 Klotzio
983 1609 1155 1698 explicati,
1186 1609 1249 1687 Av.

116 1727 224 1810 1224,
250 1727 308 1793 ubi
340 1728 460 1815 legitur
486 1726 571 1792 ἀλλὰ
597 1765 636 1778 -
667 1727 739 1793 ἀλλ’
769 1727 856 1813 ὅμως
883 1729 925 1792 ἄν
964 1751 1049 1800 curn
1071 1727 1248 1802 indicative

116 1847 244 1913 aoristi.
291 1846 466 1914 Praeterea
499 1843 573 1911 ἀλλ’
606 1845 693 1941 ὅμως
722 1846 843 1932 legitur
870 1847 932 1934 Eq.
956 1846 1036 1944 3913
1064 1847 1150 1914 Nub.
1170 1847 1249 1920 587.

118 1967 224 2053 Vesp.
248 1966 341 2032 1085.
364 1967 441 2054 Lys.
455 1966 529 2034 276.
554 1965 726 2050 292825,
747 1964 805 2042 ubi
828 1965 918 2052 quod¹
930 1967 970 2032 in
992 1966 1138 2040 membro
1151 1989 1248 2060 oppa

119 2085 184 2150 sito
194 2084 303 2152 verbis
320 2084 393 2151 ἀλλ’
406 2083 492 2168 ὅμως
509 2085 684 2174 respondet
694 2085 1019 2174 vocabulumaulnap
1031 2087 1247 2175 subsequitur,

120 2227 221 2292 quum
229 2203 313 2270 Rau.
323 2205 367 2270 42
379 2207 481 2270 nuhaa
492 2204 671 2290 antecedat,
678 2203 755 2280 ἀλλ’.
767 2203 854 2288 ὅμως
864 2215 1017 2294 sequatur
1025 2229 1035 2288 ;
1044 2207 1126 2276 Rau.
1139 2207 1202 2272 602
1216 2215 1248 2273 et

117 2321 209 2388 Eccl.
231 2323 307 2389 413.
329 2323 395 2390 Per
416 2346 456 2398 se,
473 2323 632 2398 notandus
654 2333 702 2390 est
716 2325 799 2410 Lys.
828 2349 859 2390 v.
883 2326 963 2420 500,,
979 2322 1248 2420 ubi‹p’ll',-dprng

118 2440 241 2526 legitur
246 2443 284 2516 in
290 2449 477 2516 tetrametro
491 2445 707 2530 anapaestico,
718 2445 1246 2536 interpositis,nonullisuocabulia

119 2558 362 2648 quod-praeter
382 2561 468 2630 bunc
490 2561 595 2634 locum
607 2585 683 2634 ¹non
695 2563 877 2636 ,inuenitur
921 2563 973 2634 De
990 2565 1247 2651 interpunctione
1341 2582 1343 2585 ’

118 2679 201 2745 Ace.
227 2703 258 2743 v.
290 2679 354 2745 926
376 2659 426 2743 ‘ca
449 2679 584 2745 norece
611 2679 666 2745 aa·
683 2679 781 2768 sepa
805 2681 903 2766 aaa.
922 2703 959 2768 a.
983 2679 1034 2778 aa.
1048 2681 1245 2780 ..emaculas

118 2795 200 2883 ἀτὰρ
230 2795 317 2881 ὅμως
343 2798 493 2884 leguntur
524 2799 622 2886 Vesp.
657 2799 731 2864 981.
788 2793 942 2864 Similiter
979 2798 1098 2886 legitur
1128 2797 1246 2883 δ’ὄμως

119 2925 214 3005 atque
236 2917 451 3006 praecedente
474 2917 605 3006 quidem
629 2918 788 3007 particula
807 2921 868 3003 μέν
890 2919 932 2985 ad
960 2942 1056 3008 quam
1086 2920 1245 2988 referatur

120 3033 158 3104 δέ
175 3017 258 3134 Ach.
279 3036 356 3103 455.
378 3037 476 3125 Vesp.
499 3037 574 3103 951.
597 3038 658 3103 Av.
675 3039 751 3104 452.
773 3062 837 3106 non
858 3040 1074 3128 praecedente
1095 3040 1244 3125 ptvPac.

121 3156 195 3222 481.
218 3155 309 3222 Eccl.
333 3156 407 3222 860.
451 3156 565 3224 Paullo
590 3157 684 3254 aliter
700 3159 820 3226 dicitur
842 3159 929 3257 ὅμως
946 3159 1101 3250 drisqucd
1125 3172 1173 3229 est
1183 3161 1246 3230 La·

118 3277 257 3342 tinorum
291 3274 359 3342 lere
396 3284 612 3368 verumtamen
651 3288 707 3352 aut
743 3281 962 3350 nibilomiau'a
1013 3279 1140 3364 Quum³
1158 3285 1243 3348 enim

119 3392 232 3477 δ’ὅμως
247 3394 291 3459 ad
304 3393 532 3482 praecedentia
548 3405 678 3482 spectet,
703 3398 1101 3485 atqueconclusionisuim
1115 3399 1243 3484 habeat,

119 3511 203 3596 ὅμως
224 3511 388 3606 δέιιῃαςὶε
409 3515 444 3578 in
470 3515 636 3602 sequentia
668 3515 733 3580 vim
751 3534 848 3582 'suam
869 3525 1003 3582 exercet
1024 3518 1146 3604 majore
1169 3537 1242 3583 curn

108 3635 150 3699 -vi
181 3635 414 3722 oppositionem
447 3634 603 3717 inferens,
635 3643 731 3723 atque
765 3635 981 3722 significans,
1000 3636 1141 3725 aliquam
1172 3659 1241 3703 rem

117 3760 220 3817 umen
241 3774 335 3839 posse
358 3751 430 3816 fieri
453 3775 647 3841 quamquam
671 3755 974 3840 quae'antecedunt
994 3765 1172 3821 monstrare
1194 3759 1241 3822 vi·

120 3871 229 3936 dentur
252 3891 323 3935 earn
345 3871 416 3936 fieri
438 3894 502 3936 non
524 3893 626 3959 posse.
648 3872 816 3958 Leguntur
837 3872 1015 3960 particulae
1044 3873 1121 3939 Pac.
1147 3873 1241 3940 1216,

119 3991 243 4058 rheam.
266 3991 341 4056 471.
367 3991 447 4058 aaa.
470 3993 543 4057 are.
569 3991 660 4056 noel.
691 3989 870 4076 aeaeae.
906 3993 991 4059 1105
1019 3973 1077 4061 uu
1106 3996 1240 4062 fortasse

119 4110 224 4176 melius
245 4133 319 4176 cum
341 4111 507 4177 Meinekio
520 4110 634 4198 (Vind.
651 4111 750 4176 Arist.
772 4135 805 4200 p.
818 4113 894 4198 205)
906 4112 1024 4198 legitur
1036 4111 1129 4198 ὑμᾶς,
1155 4114 1237 4180 1137

119 4228 195 4295 Plut.
220 4231 313 4296 1084.
336 4230 432 4313 Quod
455 4229 517 4296 hac
539 4233 572 4296 in
602 4229 732 4297 dicendi
754 4232 878 4297 ratione
895 4227 931 4297 'a
950 4232 1119 4299 codicibus
1140 4221 1256 4298 inter·¹

120 4347 188 4414 dum
212 4345 249 4412 δέ
271 4350 430 4437 particula
459 4351 615 4418 omittitur
637 4351 753 4418 nullius
773 4353 925 4418 momenti
955 4361 1011 4418 est.
1056 4349 1239 4419 Particulae
