2874 4910
680 344 718 410 71

134 547 139 556 ’
221 522 357 592 Prorsus
382 521 495 589 eodem
516 523 613 590 modo
636 525 727 592 utin
749 524 812 608 γὰρ
838 523 979 609 ‹lrjatiam
1000 524 1035 588 in
1056 523 1167 608 μὲνδή
1190 548 1262 615 par·

130 639 309 708 ticrnlarum
334 642 558 729 conjunctione
592 651 728 729 utraque
760 641 919 731 particula
947 642 1113 730 propriam
1146 645 1264 709 retinet

130 758 412 846 significationem.
457 760 543 824 Usus
565 761 613 824 cis
634 768 682 827 eat
704 762 847 826 comicus
870 758 990 847 duplici
1020 759 1136 844 modo,
1166 770 1263 849 atque

132 879 284 967 primum,
309 875 438 963 quidem
453 878 508 959 ita,
530 887 566 940 ut
577 877 716 964 aliquam
736 899 815 960 rem,
838 877 879 942 dc
895 901 958 964 qua
974 901 1014 943 eo
1037 899 1137 965 usque
1157 901 1261 946 sermo

130 1005 214 1081 crat,
236 997 353 1078 mittat,
377 1003 409 1058 et
433 1016 493 1081 per
513 994 703 1082 particulam
728 993 766 1059 δέ
789 995 831 1061 ad
854 1017 971 1062 novam
994 997 1153 1083 quandam
1177 1007 1262 1064 tran·

129 1123 213 1182 seat.
256 1115 364 1201 Hujus
386 1135 462 1179 usus
484 1114 619 1180 unicum'
638 1121 687 1178 ost
709 1113 895 1201 exemplum
918 1113 1055 1179 formula
1085 1118 1261 1180 καὶταῦτα

129 1237 195 1318 μὲν
216 1233 256 1318 δή
279 1235 377 1298 ταῦτα
400 1232 484 1297 Plnt.
506 1255 536 1298 v.
560 1233 591 1315 8,
623 1253 720 1319 quom
741 1232 849 1298 locum
871 1233 955 1298 bene
977 1233 1138 1300 intellexit
1170 1233 1261 1300 scho-

131 1353 237 1436 liasta,
260 1353 316 1439 qui
337 1349 472 1416 adnotat
493 1349 557 1413 ἔστι
580 1348 620 1412 δὲ
641 1351 676 1413 τὸ
700 1352 808 1435 σχῆμα
834 1348 1035 1414 racemate
1055 1354 1109 1436 τῆς
1137 1352 1262 1438 πρώτης

132 1469 293 1546 διανοίας,
316 1469 419 1536 verba
439 1468 511 1556 ipsa
532 1467 700 1555 explicans
722 1469 831 1536 verbis
854 1472 909 1532 sal
925 1473 1026 1533 ταῦτα
1042 1472 1103 1552 μὲν
1125 1469 1164 1555 δὴ
1188 1475 1261 1536 τοί-

133 1609 192 1651 τον
221 1587 284 1668 ἔχει
299 1641 302 1646 .
319 1588 374 1650 τὸν
410 1586 540 1670 τρόπον.
603 1587 789 1654 Fcrmulam
822 1587 1072 1666 eodemmodo
1106 1589 1263 1678 explicuit

133 1704 309 1774 Fischerus
331 1704 372 1770 ad
395 1705 481 1771 Pluti
514 1705 604 1772 illum
627 1706 753 1790 locum,
787 1709 844 1794 qui
864 1708 943 1772 satis
964 1717 1040 1794 apto
1063 1730 1133 1772 eam
1164 1710 1262 1774 vertit

133 1847 195 1912 per
216 1823 404 1889 Latinmum
428 1831 458 1890 et
479 1825 556 1891 laceo
580 1825 707 1908 quidem
729 1826 900 1906 hartman,
931 1847 1124 1913 quamquam
1146 1827 1180 1889 in
1212 1825 1261 1890 his

133 1943 244 2036 serbis
267 1965 330 2008 non
365 1965 404 2007 ea
433 1944 517 2008 inest
545 1944 633 2008 notio
667 1965 765 2031 quam
795 1943 938 2009 continet
970 1942 1107 2008 formula
1133 1965 1260 2028 graece,

135 2060 258 2127 scilicet
280 2082 358 2126 vera
381 2083 448 2126 esse
471 2083 554 2148 quae
577 2060 758 2146 dictasunt,
781 2083 877 2148 quam
890 2062 993 2126 inesse
1009 2060 1259 2128 testaturSchol.

134 2179 178 2246 ad
199 2176 350 2265 Aeschyl.
375 2179 482 2245 Prom.
504 2179 569 2246 496
593 2179 705 2246 dicens
726 2183 826 2244 ταῦτα
848 2181 919 2262 μὲν,
943 2177 1051 2264 φησὶν,
1075 2176 1134 2245 ὅσα
1156 2179 1258 2255 εἶπον,

133 2298 235 2373 ictuc
255 2299 390 2379 ἔχουσιν.

222 2416 312 2482 Huic
333 2416 464 2481 dicendi
486 2418 604 2483 rationi
637 2417 809 2508 persimilis
839 2426 887 2483 ost
918 2416 1037 2502 altera,
1071 2439 1135 2505 qua
1155 2422 1259 2506 potia,

133 2537 159 2601 si
183 2517 312 2622 quande
335 2538 383 2600 rei
405 2535 538 2628 minoris
560 2537 715 2602 momenti
737 2535 886 2623 adjungit
907 2537 1098 2622 graviorem,
1130 2537 1163 2601 in
1186 2559 1259 2624 pm-

132 2654 194 2719 tasi
215 2652 460 2719 remaleviorem
483 2676 542 2742 por
564 2653 739 2742 particulas
759 2655 820 2735 μὲν
842 2650 883 2736 δή
905 2653 997 2738 quaei
1020 2652 1150 2716 missam
1172 2653 1258 2728 facit,

132 2794 200 2837 rem
223 2772 378 2859 majorem
400 2795 479 2838 voro
512 2793 571 2860 per
601 2770 793 2859 particulam
816 2769 854 2833 δέ
878 2769 977 2855 'sequi
1002 2767 1110 2856 jubet:
1153 2768 1259 2856 Hujus

132 2913 216 2957 uuus.
229 2890 294 2957 duc
315 2890 465 2976 leguntur
486 2890 645 2978 exempla,
658 2887 752 2966 Aea,
772 2888 846 2970 528,
869 2886 954 2952 Plut
975 2909 1007 2951 v.
1023 2887 1087 2972 728
1110 2907 1173 2975 quo
1188 2886 1258 2952 loco

132 3007 244 3075 verbis
266 3009 380 3092 πρῶτα
402 3009 462 3091 μὲν
481 3007 527 3095 ,δή
550 3006 725 3096 respondet
756 3004 895 3094 simplex
917 3004 1042 3090 ἔπειτα,
1068 3004 1110 3069 de
1138 3027 1201 3092 qua
1221 3025 1257 3070 re

125 3127 195 3214 jam
218 3127 399 3194 aceruatim
420 3126 580 3194 vidimus,
616 3127 678 3192 His
699 3125 778 3192 locis
800 3110 898 3192 otiam
919 3117 1049 3206 μὲνοῦν
1070 3125 1147 3211 poni
1163 3144 1257 3211 posse

131 3246 255 3310 monuit
275 3245 445 3332 Krligerus
477 3243 510 3336 ξ.
533 3246 585 3310 69.
617 3245 670 3311 35.
692 3245 723 3310 3.
752 3243 941 3309 'Particulis
968 3245 1024 3306 καὶ
1048 3242 1131 3328 μήν·
1146 3243 1258 3310 addita

131 3371 179 3429 est
198 3362 325 3428 vocula¹
344 3360 384 3447 δή
410 3361 541 3428 Thesm.
574 3361 639 3428 805
670 3383 734 3449 quo
766 3361 838 3426 loco
871 3360 1021 3446 gradatio
1053 3357 1213 3446 quaedam
1236 3381 1257 3424 a

131 3480 305 3548 (lharmino
327 3479 371 3546 ad
394 3479 626 3567 cleophontem
660 3477 800 3544 officitur
820 3477 986 3565 particulis
1015 3479 1069 3540 sal
1088 3475 1153 3560 μήν
1174 3487 1255 3542 voce
1364 3493 1367 3500 ⁴

132 3597 172 3685 δή
196 3580 431 3681 corroboratis,
466 3619 661 3686 quamquam
698 3598 733 3662 in
761 3595 875 3662 codem
912 3595 1076 3662 enuntiato
1110 3594 1255 3682 sequitur

130 3714 237 3800 δήπου
263 3717 317 3796 (de
343 3739 408 3804 quo
438 3739 468 3782 v.
495 3716 581 3796 infr.)
615 3715 763 3782 Alterum
780 3749 781 3754 κ
798 3714 853 3778 sul
897 3735 1015 3786 nomen
1047 3712 1254 3800 Cleophontia

130 3836 232 3902 effert·
243 3844 341 3921 atquo
362 3834 524 3922 significat
540 3834 692 3918 ‚pruma
999 3887 1002 3894 .
1196 3840 1199 3846 '

38 3941 44 3955 ’
134 3981 155 4002 ⁴·
206 3954 318 4020 ¹Porro
339 3961 374 4020 ut
395 3951 464 4016 crire
486 3951 528 4038 δή
549 3954 648 4020 etiam
673 3955 733 4028 νίν
756 3948 797 4036 δή
818 3950 906 4040 apud
930 3950 1089 4016 comicmn
1110 3950 1157 4016 ita
1177 3948 1255 4036 legi·

130 4079 191 4156 tur,
210 4071 265 4156 (et
286 4069 402 4138 Stallb.
424 4070 468 4138 ad
488 4071 571 4138 Plat.
592 4070 719 4138 Phileb.
742 4093 775 4161 p.
799 4070 861 4137 105
883 4069 993 4136 Bromi
1016 4067 1188 4136 adAescls
1212 4067 1253 4134 de

126 4188 281 4277 'fulalleff
302 4213 335 4278 p.
359 4191 441 4276 280)
460 4199 496 4258 nt
523 4189 683 4280 particula
708 4190 776 4286 esp
789 4191 943 4279 temporis
966 4187 1060 4256 istud
1088 4195 1253 4275 punctum,

9 4361 16 4464 p
132 4307 215 4397 quod
236 4309 399 4396 signifieat
418 4310 489 4394 νῦν,
511 4311 615 4398 magis
637 4309 856 4393 offeratur(cf.
874 4307 1096 4376 Btuml.Part;
1117 4327 1151 4394 p.
1167 4305 1250 4392 102).
