2874 4910
747 363 789 426 32

205 539 367 605 secutione
390 541 424 604 in
446 541 591 606 oratione
613 547 736 605 tentum
760 545 891 624 agetur,
912 557 1017 623 neque
1038 544 1105 602 tem
1125 538 1212 603 inest
1234 561 1350 628 oppo-

206 660 279 724 sitio
301 659 335 724 in
356 680 437 725 voce
466 657 503 721 δέ
534 665 607 745 post
635 657 761 732 ἔπειτα,
793 677 889 743 quam
918 655 1071 721 transitus
1096 658 1184 722 notio
1214 658 1261 723 ad
1302 681 1349 723 ea

205 798 288 863 quse
310 783 496 863 sequuntur.
518 774 654 840 Prorsus
676 772 771 838 idern·
786 772 885 838 hebes
913 773 948 837 in
977 771 1147 838 simillimis
1168 774 1231 839 Av.
1262 778 1344 842 157.

207 894 271 958 612
294 893 351 959 ubi
372 892 482 959 verbis
503 894 630 974 πριὸων
650 892 711 974 μέν
732 890 907 978 respondet
927 885 1080 964 16116ἀῦ
1101 913 1132 955 v.
1144 891 1225 967 616;
1250 894 1345 960 Ran.

208 1011 303 1076 1528.
345 1009 417 1075 Non
441 1009 654 1097 respondente
676 1008 821 1073 membro
842 1007 951 1094 aliquo
973 1010 1100 1091 πρῶτον
1129 1008 1249 1095 legitur
1271 1013 1344 1078 Av.

206 1125 1342 1215 mmmmmmwmfflwmm

208 1245 276 1312 dits
296 1247 358 1326 μέν
378 1244 539 1333 particula
559 1245 786 1332 praeparativa
805 1242 960 1309 nosset
983 1243 1046 1329 Eq.
1058 1244 1132 1309 773.
1155 1241 1242 1311 Nob.
1255 1249 1340 1312 224.

204 1363 279 1428 537.
303 1363 376 1428 649.
402 1361 580 1428 1016.Α1.
605 1362 678 1427 164.
709 1361 799 1426 Eoel.
823 1360 887 1426 215
913 1360 1054 1448 deniqne
1073 1365 1247 1447 11ρῶ16111
1269 1368 1338 1446 μέν
1414 1349 1415 1368 ³

205 1481 283 1567 Lys.
306 1476 380 1546 5553
410 1480 539 1546 Thesm.
569 1480 644 1545 659.
687 1480 838 1565 Denique
868 1479 1039 1563 notaLys.
1069 1480 1133 1544 998
1168 1481 1225 1545 ubi
1254 1483 1336 1548 voci

205 1599 315 1662 ἔπειτα
347 1597 516 1685 praecedit
549 1619 616 1662 vox
647 1593 746 1678 ἆρχεν
788 1617 871 1682 quae
905 1595 1032 1661 vicibus
1061 1595 1205 1682 fungitur
1240 1601 1336 1664 vocis

206 1687 345 1799 npoisov,
368 1736 431 1802 quo
454 1723 596 1779 ceterum
619 1713 689 1778 loco
713 1712 798 1800 quod
820 1712 989 1798 legebatur
1011 1714 1071 1794 μέν
1092 1722 1180 1780 16616
1201 1715 1243 1781 ab
1265 1717 1336 1782 En·

206 1856 286 1920 gero
308 1832 449 1898 deletum
471 1854 538 1897 esse
562 1853 601 1896 61
623 1830 850 1913 demonstrant,
872 1851 955 1916 quae
979 1829 1021 1894 de
1042 1831 1177 1898 vocibus
1199 1836 1332 1918 πρῶτον

207 1954 269 2034 μέν
299 1958 452 2037 sequente
484 1948 594 2012 ἔπειτα
627 1947 872 2035 disputavimus.
915 1945 1024 2034 Atque
1059 1948 1139 2014 haec
1168 1951 1237 2016 fere
1258 1963 1337 2019 sunt
1417 1936 1418 1996 l

206 2090 289 2156 quse
312 2068 353 2134 de
375 2066 512 2154 simplici
534 2067 741 2153 responsione
773 2064 1001 2151 particularem
1032 2069 1093 2148 μὲν
1121 2105 1163 2116 -
1190 2067 1228 2132 di
1256 2095 1333 2158 pro-

206 2184 341 2252 ferenda
364 2193 465 2267 erant,
490 2184 559 2258 ,nisi
581 2182 670 2269 quod
690 2182 824 2247 fortasse
846 2181 1032 2248 addendum
1064 2185 1238 2271 particulas
1268 2195 1333 2270 μὲν
1418 2190 1419 2205 ’

210 2341 245 2352 -
270 2300 349 2367 ores
370 2323 433 2368 uno
457 2301 521 2366 Av.
544 2300 628 2367 1039
655 2299 734 2385 legi;
767 2309 903 2365 restaret
923 2301 1026 2366 verba
1054 2302 1162 2369 facere
1185 2304 1226 2370 do
1246 2306 1332 2373 loeis

206 2424 263 2490 ubi
285 2420 378 2510 pluro
400 2419 546 2485 membra
567 2417 716 2502 leguntur
747 2417 863 2504 quibus
884 2428 1041 2506 apparent
1062 2421 1239 2508 particulae
1267 2429 1333 2508 μέν
1419 2445 1420 2505 l

207 2547 240 2606 61
262 2537 310 2603 δέ.
353 2537 420 2603 Sed
441 2536 521 2602 haec
545 2535 666 2602 dixisse
686 2557 773 2614 nnnc
799 2538 876 2601 satis
896 2536 1034 2602 habebo·
1047 2546 1116 2604 tum
1139 2542 1226 2627 quod
1247 2542 1331 2610 fines

206 2663 358 2744 angustos
381 2654 613 2721 dissertationis
635 2652 844 2739 egrederetur
866 2655 1010 2737 materie,
1033 2677 1132 2743 quum
1154 2660 1231 2745 quia
1245 2659 1330 2727 haee

208 2778 314 2845 omnia
336 2777 442 2862 potius
456 2775 498 2837 in
519 2771 677 2859 particule
698 2771 736 2834 dd
755 2771 925 2837 1116111111
946 2780 1028 2837 sunt.

292 2894 368 2959 Jam
390 2891 470 2956 haec
492 2890 617 2970 omnia.
633 2907 715 2975 quae
736 2888 901 2974 bucusque
931 2888 1165 2977 disputavimus
1196 2894 1224 2957 si
1256 2915 1330 2960 eon-

207 3009 418 3089 sideramus,
449 3006 575 3072 etiamsi
606 3004 668 3070 hoc
700 3004 753 3069 vel
781 3004 862 3069 illud
895 3005 1080 3093 exemplum
1112 3006 1168 3072 elii
1194 3010 1330 3076 16111116

208 3128 302 3195 classi
324 3123 438 3190 melius
458 3143 552 3208 posse
574 3121 781 3186 adnumerari
804 3120 1045 3208 dices,‚tsmen‚
1077 3125 1140 3188 nisi
1161 3125 1331 3210 11116111-

210 3244 319 3326 debis,
339 3240 586 3328 Aristophanem
607 3239 766 3326 particula
793 3243 855 3324 μέν
884 3242 1043 3328 imprimis
1068 3241 1125 3308 ubi
1158 3243 1332 3329 respondet

209 3362 255 3444 δέ,
277 3359 451 3427 admodum
476 3358 615 3446 simplici
635 3360 759 3424 ratione
781 3381 874 3426 usum
898 3381 978 3424 esse.
1011 3359 1103 3441 Quae
1124 3361 1212 3447 apud
1233 3365 1330 3428 comi-

208 3505 282 3550 cum
304 3478 445 3546 uomodo
466 3486 539 3544 sunt
567 3499 631 3542 non
662 3477 705 3543 ab
736 3478 917 3544 artificiosis
945 3479 1234 3546 constructionibus
1259 3503 1330 3569 pro·

209 3603 413 3679 debeantur,
436 3595 494 3661 sed
516 3595 558 3662 ab
582 3597 653 3683 ipss
675 3597 790 3666 comici
814 3597 970 3661 sermonis
991 3598 1176 3662 vivacitate.
1200 3597 1282 3679 Huc,
1296 3608 1333 3664 ut

212 3716 368 3803 exemplis
390 3736 473 3801 quae
497 3711 571 3778 dieo
593 3712 747 3799 probem,
769 3715 928 3800 pertinet,
946 3715 976 3778 si
999 3714 1145 3800 quando,
1178 3715 1332 3783 adhibitis

208 3828 788 3914 11111611111111111111-1111-61,
822 3831 957 3896 alterum
986 3831 1166 3897 membrum
1198 3836 1332 3899 interro

209 3952 347 4038 gationis
369 3951 505 4016 formam
526 3947 640 4033 induit,
661 3948 698 4013 id
721 3948 808 4036 quod
830 3948 883 4014 vel
910 3950 1051 4014 maxime
1071 3950 1129 4015 ibt
1144 3950 1215 4017 fieri
1242 3954 1331 4040 solet,

209 4070 266 4136 ubi
279 4068 394 4154 aliquis
406 4091 478 4134 cum
501 4068 703 4155 impatientia
723 4087 796 4133 eom
811 4069 867 4154 qui
884 4067 1024 4153 loquitur
1035 4069 1123 4155 justo
1135 4078 1246 4136 tenore
1261 4093 1333 4157 per·

210 4211 288 4276 gere
309 4207 375 4252 non
395 4187 530 4272 petitor,
558 4185 615 4252 sed
642 4187 894 4272 interrogatione
914 4184 1097 4272 loquentem
1118 4188 1331 4278 interrumpit.

213 4304 268 4369 Sic
289 4304 425 4370 altenun
448 4304 629 4370 membrum
657 4305 917 4388 interrogationis
948 4303 1053 4369 forma
1085 4306 1248 4391 profertur
1268 4309 1330 4396 sq.
