2874 4910
668 334 710 403 75

117 517 231 585 mam
253 517 296 585 ad
320 519 611 604 interrogationem
628 517 728 584 solam
751 515 971 604 pertinerent
1000 520 1091 602 patet
1112 536 1156 580 ex
1178 515 1253 582 Am·

114 639 233 704 monio
255 660 286 726 p.
307 637 368 702 39:
401 634 459 699 dal
479 633 655 715 σύνδεσμος
687 634 938 718 ἒρωιηματικός,
966 634 1085 722 quibua
1118 613 1180 700 nos*
1196 633 1253 702 ad·

119 755 404 844 derepnaeumue,
425 753 616 842 particulam
640 753 729 819 illam
749 775 814 820 non
835 751 909 838 legi,
942 753 1004 819 nini
1026 761 1099 841 poet
1119 755 1253 820 interro-

119 873 251 960 gativas
261 895 359 938 voces
381 873 410 935 tt
429 845 462 937 el
481 873 559 956 πῶς,
581 871 668 938 unde
681 872 771 938 vocis
791 871 983 958 significatio
1005 872 1039 937 in
1060 873 1173 960 aprico
1194 880 1251 938 eet.

120 993 236 1076 Quum
265 994 351 1058 enim
385 993 415 1054 et
450 998 483 1057 et
515 993 586 1066 πῶς
617 1013 714 1057 voees
744 1013 842 1079 saepe
873 1013 933 1079 per
965 1014 1000 1056 ae
1029 990 1116 1057 solae
1147 991 1252 1056 locum

120 1110 268 1178 habeant
288 1111 322 1176 in
344 1111 763 1196 interrogationemirantis
785 1119 841 1176 aut
862 1131 961 1196 aegre
981 1109 1135 1192 ferentia,
1167 1114 1254 1174 veto

122 1252 200 1297 rum
222 1229 415 1317 scriptorum
436 1237 643 1295 monumenta
673 1227 807 1312 dooent,
839 1227 897 1294 hoe
928 1226 981 1294 vel
1010 1227 1130 1292 similes
1155 1226 1254 1293 animi

124 1358 233 1414 motus
257 1346 376 1413 addita
391 1347 550 1434 particula
568 1345 628 1410 dot
648 1348 771 1434 augeri.
813 1349 918 1434 Atque
939 1347 986 1412 ita
1008 1367 1106 1433 quum
1120 1343 1254 1410 voculae

125 1465 394 1552 significationem
416 1467 650 1548 invenerimus,
680 1487 765 1532 nuno
787 1464 829 1531 ad
852 1466 958 1553 ipsum
992 1465 1116 1530 eomioi.
1137 1470 1253 1550 poetae

127 1607 223 1652 usum
245 1593 454 1666 transeamus,
484 1607 549 1672 qua
570 1585 662 1650 inre
685 1585 825 1672 primum
848 1606 903 1649 eos
925 1583 1012 1650 locos
1034 1581 1184 1668 colligere
1202 1581 1254 1668 ju·

127 1702 229 1784 vehit,
252 1701 368 1796 quibus
389 1700 454 1766 dat·
468 1701 627 1791 partioula
647 1703 907 1788 interrogationis
918 1703 993 1766 vim·
1007 1709 1125 1785 urguet
1139 1701 1176 1782 ie,
1198 1699 1254 1786 qui

127 1820 261 1888 alteriue
277 1819 445 1907 eujusdam
465 1821 631 1908 proposita
652 1821 699 1886 ita
720 1820 908 1903 admiratur,
928 1826 966 1885 ut
986 1818 1088 1884 verba
1100 1819 1169 1906 ejus
1187 1838 1255 1882 »non

129 1947 219 2006 reote
240 1937 438 2004 intellexisse
460 1939 522 2006 eibi
544 1937 702 2032 videatur.
767 1938 831 2004 Hie
851 1937 885 2002 in
916 1937 996 2003 loeis
1017 1959 1113 2003 voces
1133 1937 1163 1999 at
1182 1934 1254 2016 doet;

129 2057 215 2122 verti
236 2078 330 2143 posse
360 2079 421 2145 per
453 2057 646 2124 Latinorum
679 2057 780 2140 „quid
812 2057 882 2124 llo“
910 2056 1036 2123 notavit
1065 2056 1178 2120 Herm.
1198 2043 1254 2120 'ad

130 2173 244 2260 Viger.
258 2198 298 2263 .p.
320 2175 393 2242 845.
438 2175 536 2259 Quod
562 2175 606 2243 ad
634 2175 813 2264 particulae
843 2174 901 2239 dut
928 2174 1169 2242 collocationem
1202 2197 1255 2240 no

127 2291 262 2358 andum
285 2294 319 2360 in
335 2292 395 2360 hoe
411 2293 498 2361 loona
512 2293 681 2382 quadrare,
703 2317 786 2382 quae
798 2293 961 2360 Planudee
972 2293 1051 2359 dicit
1061 2294 1116 2378 [ef.
1123 2293 1256 2359 Baohm.

130 2409 257 2478 Aneed.
276 2412 320 2478 II.
342 2435 374 2499 p.
398 2411 456 2500 81)
481 2411 522 2477 de
545 2413 689 2478 oratione
711 2435 829 2500 prosa,
854 2411 1023 2479 formulam
1051 2413 1087 2474 at
1109 2409 1167 2474 dot
1193 2411 1256 2478 nisi

131 2537 206 2596 ante
228 2530 519 2618 interpunntionem
540 2529 648 2598 laeum
676 2553 741 2597 non
769 2530 904 2614 habere,
935 2550 1031 2617 quam
1064 2532 1255 2596 sententiam

132 2647 258 2714 domiue
279 2657 311 2714 et
344 2649 463 2715 rectius
484 2649 638 2736 exprimit
660 2649 699 2713 Ε.
736 2647 777 2713 de
799 2648 940 2714 Leutnoh
973 2647 1023 2713 his
1054 2647 1164 2712 verbis
1200 2647 1256 2729 (ef.

132 2765 251 2832 Philol-
272 2765 382 2854 Suppl.
407 2767 435 2851 l.
459 2768 548 2851 143):
585 2769 614 2832 nt
636 2765 799 2834 datatedt
820 2753 870 2833 'eea’
891 2766 1131 2849 Aristophanes
1151 2767 1257 2831 aeirem·

130 2885 243 2950 Νικίαν
261 2889 388 2968 eamden
402 2885 521 2954 ,immor
541 2885 587 2950 im
599 2885 752 2969 Ausonqe
773 2885 982 2964 eunome,
1005 2879 1073 2950 aad
1091 2885 1179 2968 pient
1197 2885 1258 2950 mit

131 3002 198 3066 ilem
221 3002 279 3066 der
300 3001 500 3085 Spreedeade
530 3003 639 3068 aeiuen
674 3002 850 3086 ana'llen,
884 3006 972 3070 seiae
998 3004 1258 3088 Verwnnderuuy

131 3119 210 3186 oder
238 3121 330 3186 einen
362 3121 567 3189 oerwuadten
596 3121 704 3204 Affeat
733 3122 810 3189 elder
839 3123 915 3189 eden
943 3097 1184 3200 Vernommeaea
1216 3143 1259 3187 aa

130 3239 300 3316 ardennae,
326 3239 421 3322 folpti
442 3239 637 3322 dempemliee
664 3241 728 3322 auf
752 3241 804 3306 dle
842 3241 1013 3326 erreyende
1046 3242 1135 3307 Rede
1173 3241 1259 3307 elaea

131 3356 284 3422 anderen.

221 3470 385 3561 Exempla
406 3476 439 3540 in
464 3474 581 3562 quibua
602 3477 631 3539 et
653 3474 728 3556 dat;
751 3484 800 3541 est
809 3475 998 3542 Latinorum
1021 3477 1101 3559 quid
1121 3476 1170 3566 ilo
1185 3485 1259 3542 eunt

130 3592 195 3680 aq.
228 3593 282 3658 aa
310 3593 386 3660 493.
417 3592 515 3684 nub..
532 3593 608 3664 491.
635 3569 728 3661 12⁷5.
751 3592 818 3676 nv„
837 3593 910 3660 225.
927 3593 1127 3670 manee.
1162 3594 1255 3662 1324.

134 3711 230 3794 1479,
252 3732 332 3798 quoe
353 3709 442 3778 locos
460 3712 516 3798 qui
531 3721 682 3778 accurate
693 3713 882 3800 inspexerit,
902 3711 1060 3800 intelliget
1080 3712 1142 3778 nini
1157 3713 1259 3798 fallor,

121 3851 231 3918 ¹quam
254 3838 344 3895 reete
375 3830 523 3902 statuerit
544 3829 584 3896 Ε.
615 3829 657 3901 de
678 3829 820 3898 Leuteeh
848 3831 895 3918 .(l.
914 3829 966 3916 l),
999 3833 1053 3918 qui
1086 3853 1130 3898 ex
1146 3833 1259 3920 parti-

132 3945 283 4028 cularum,
301 3948 331 4010 rt
352 3945 411 4014 dut
431 3971 491 4036 neu
518 3947 571 4034 vel
601 3950 780 4016 maximum
813 3972 907 4037 poene
938 3951 1006 4038 peti
1035 3958 1258 4038 argumentum

133 4065 223 4150 dieit,
245 4089 309 4154 quo
332 4075 406 4134 ante
431 4067 511 4138 Rau.
534 4091 564 4132 v.
587 4067 1003 4159 558,Xanthiae.aliquem
1020 4092 1149 4156 vernum
1162 4070 1259 4140 :exci-

132 4184 219 4266 dime
242 4186 344 4274 poenit
364 4185 611 4278 deeranouetrari„¹
631 4187 784 4254 Ceterum
806 4190 841 4255 in
864 4189 910 4257 eis
932 4211 1015 4277 quae
1030 4189 1129 4280 attuli
1151 4209 1258 4254 exem·

133 4300 195 4390 plie
217 4303 403 4376 notandum,
417 4313 466 4384 eet
485 4305 548 4392 Eq.
570 4329 598 4371 v.
622 4306 673 4375 28.
694 4306 770 4374 493.
793 4305 950 4390 Auara.
971 4307 1051 4374 Ran.
1075 4306 1148 4372 868.
1174 4304 1257 4370 1479
