<?xml version="1.0" encoding="UTF-8"?>
<!DOCTYPE html PUBLIC "-//W3C//DTD XHTML 1.0 Transitional//EN"
    "http://www.w3.org/TR/xhtml1/DTD/xhtml1-transitional.dtd">
<html xmlns="http://www.w3.org/1999/xhtml" xml:lang="en" lang="en">
 <head>
  <title>
</title>
<meta http-equiv="Content-Type" content="text/html;charset=utf-8" />
  <meta name='ocr-system' content='tesseract 3.04.00' />
  <meta name='ocr-capabilities' content='ocr_page ocr_carea ocr_par ocr_line ocrx_word'/>
</head>
<body>
  <div class='ocr_page' id='page_1' title='image "./quaestionesaris00wehrgoog_0084.png"; bbox 0 0 2874 4910; ppageno 0'>
   <div class='ocr_carea' id='block_1_1' title="bbox 627 329 669 394">
    <p class='ocr_par' dir='ltr' id='par_1_1' title="bbox 627 329 669 394">
     <span class='ocr_line' id='line_1_1' title="bbox 627 329 669 394; baseline 0 0"><span class='ocrx_word' id='word_1_1' title='bbox 627 329 669 394; x_wconf 78' lang='lat'><strong>79</strong></span> 
     </span>
    </p>
   </div>
   <div class='ocr_carea' id='block_1_2' title="bbox 77 504 1233 4386">
    <p class='ocr_par' dir='ltr' id='par_1_2' title="bbox 77 504 1222 1186">
     <span class='ocr_line' id='line_1_2' title="bbox 178 504 1219 600; baseline 0.003 -24"><span class='ocrx_word' id='word_1_2' title='bbox 178 510 233 580; x_wconf 86' lang='lat' dir='ltr'><strong>De</strong></span> <span class='ocrx_word' id='word_1_3' title='bbox 261 507 419 598; x_wconf 86' lang='lat' dir='ltr'><strong>particula</strong></span> <span class='ocrx_word' id='word_1_4' title='bbox 449 504 530 593; x_wconf 71' lang='grc' dir='ltr'><strong>δῆτα</strong></span> <span class='ocrx_word' id='word_1_5' title='bbox 567 509 623 573; x_wconf 86' lang='lat' dir='ltr'><strong>vix</strong></span> <span class='ocrx_word' id='word_1_6' title='bbox 662 507 769 574; x_wconf 86' lang='lat' dir='ltr'><strong>multis</strong></span> <span class='ocrx_word' id='word_1_7' title='bbox 798 507 907 574; x_wconf 85' lang='lat' dir='ltr'><strong>verbis</strong></span> <span class='ocrx_word' id='word_1_8' title='bbox 942 511 1005 576; x_wconf 90' lang='lat' dir='ltr'><strong>erit</strong></span> <span class='ocrx_word' id='word_1_9' title='bbox 1038 510 1219 600; x_wconf 79' lang='lat' dir='ltr'><strong>dicendum,</strong></span> 
     </span>
     <span class='ocr_line' id='line_1_3' title="bbox 77 625 1219 718; baseline 0.003 -23"><span class='ocrx_word' id='word_1_10' title='bbox 77 631 213 718; x_wconf 83' lang='lat' dir='ltr'><strong>quippe</strong></span> <span class='ocrx_word' id='word_1_11' title='bbox 235 650 318 716; x_wconf 85' lang='lat' dir='ltr'><strong>qnee</strong></span> <span class='ocrx_word' id='word_1_12' title='bbox 341 626 384 693; x_wconf 88' lang='lat' dir='ltr'><strong>ab</strong></span> <span class='ocrx_word' id='word_1_13' title='bbox 407 625 522 698; x_wconf 83' lang='lat' dir='ltr'><strong>eadem</strong></span> <span class='ocrx_word' id='word_1_14' title='bbox 544 627 645 713; x_wconf 89' lang='lat' dir='ltr'><strong>atirpe</strong></span> <span class='ocrx_word' id='word_1_15' title='bbox 667 649 731 713; x_wconf 83' lang='lat' dir='ltr'><strong>que</strong></span> <span class='ocrx_word' id='word_1_16' title='bbox 753 627 912 714; x_wconf 85' lang='lat' dir='ltr'><strong>porticula</strong></span> <span class='ocrx_word' id='word_1_17' title='bbox 933 627 976 712; x_wconf 68' lang='lat' dir='ltr'><strong>dd</strong></span> <span class='ocrx_word' id='word_1_18' title='bbox 1006 631 1219 716; x_wconf 56' lang='lat' dir='ltr'><strong>emundatos.</strong></span> 
     </span>
     <span class='ocr_line' id='line_1_4' title="bbox 78 744 1219 837; baseline 0.002 -23"><span class='ocrx_word' id='word_1_19' title='bbox 78 750 253 833; x_wconf 84' lang='lat' dir='ltr'><strong>Hartnng.</strong></span> <span class='ocrx_word' id='word_1_20' title='bbox 274 747 363 812; x_wconf 83' lang='lat' dir='ltr'><strong>Part.</strong></span> <span class='ocrx_word' id='word_1_21' title='bbox 390 744 416 826; x_wconf 67' lang='lat'><strong>1„</strong></span> <span class='ocrx_word' id='word_1_22' title='bbox 447 744 512 810; x_wconf 89' lang='lat'><strong>300</strong></span> <span class='ocrx_word' id='word_1_23' title='bbox 544 765 616 831; x_wconf 88' lang='lat' dir='ltr'><strong>sqq.</strong></span> <span class='ocrx_word' id='word_1_24' title='bbox 645 745 757 812; x_wconf 88' lang='lat' dir='ltr'><strong>Herm.</strong></span> <span class='ocrx_word' id='word_1_25' title='bbox 785 745 828 811; x_wconf 90' lang='lat' dir='ltr'><strong>ad</strong></span> <span class='ocrx_word' id='word_1_26' title='bbox 860 746 939 812; x_wconf 82' lang='lat' dir='ltr'><strong>Eur.</strong></span> <span class='ocrx_word' id='word_1_27' title='bbox 970 747 1126 814; x_wconf 84' lang='lat' dir='ltr'><strong>Androm.</strong></span> <span class='ocrx_word' id='word_1_28' title='bbox 1161 750 1219 837; x_wconf 90' lang='lat'><strong>84)</strong></span> 
     </span>
     <span class='ocr_line' id='line_1_5' title="bbox 81 861 1221 951; baseline -0.001 -19"><span class='ocrx_word' id='word_1_29' title='bbox 81 866 230 932; x_wconf 86' lang='lat' dir='ltr'><strong>eandem</strong></span> <span class='ocrx_word' id='word_1_30' title='bbox 252 866 318 929; x_wconf 93' lang='lat' dir='ltr'><strong>vim</strong></span> <span class='ocrx_word' id='word_1_31' title='bbox 341 863 461 930; x_wconf 89' lang='lat' dir='ltr'><strong>habeat</strong></span> <span class='ocrx_word' id='word_1_32' title='bbox 486 873 583 950; x_wconf 87' lang='lat' dir='ltr'><strong>atque</strong></span> <span class='ocrx_word' id='word_1_33' title='bbox 606 861 661 928; x_wconf 91' lang='lat' dir='ltr'><strong>illa</strong></span> <span class='ocrx_word' id='word_1_34' title='bbox 684 863 851 951; x_wconf 80' lang='lat' dir='ltr'><strong>particula,</strong></span> <span class='ocrx_word' id='word_1_35' title='bbox 874 865 929 950; x_wconf 87' lang='lat' dir='ltr'><strong>(cf.</strong></span> <span class='ocrx_word' id='word_1_36' title='bbox 952 865 1059 934; x_wconf 76' lang='lat' dir='ltr'><strong>Klon.</strong></span> <span class='ocrx_word' id='word_1_37' title='bbox 1080 866 1221 934; x_wconf 87' lang='lat' dir='ltr'><strong>adDev.</strong></span> 
     </span>
     <span class='ocr_line' id='line_1_6' title="bbox 81 981 1222 1071; baseline 0.002 -23"><span class='ocrx_word' id='word_1_38' title='bbox 81 983 129 1050; x_wconf 85' lang='lat'><strong>11.</strong></span> <span class='ocrx_word' id='word_1_39' title='bbox 155 983 234 1049; x_wconf 82' lang='lat'><strong>436.</strong></span> <span class='ocrx_word' id='word_1_40' title='bbox 256 985 464 1067; x_wconf 83' lang='lat' dir='ltr'><strong>Hoogeveen.</strong></span> <span class='ocrx_word' id='word_1_41' title='bbox 485 981 573 1050; x_wconf 82' lang='lat' dir='ltr'><strong>Part.</strong></span> <span class='ocrx_word' id='word_1_42' title='bbox 584 1003 616 1068; x_wconf 85' lang='lat' dir='ltr'><strong>p.</strong></span> <span class='ocrx_word' id='word_1_43' title='bbox 633 981 708 1064; x_wconf 89' lang='grc'><strong>162)</strong></span> <span class='ocrx_word' id='word_1_44' title='bbox 732 1003 796 1069; x_wconf 87' lang='lat' dir='ltr'><strong>qua</strong></span> <span class='ocrx_word' id='word_1_45' title='bbox 819 981 859 1048; x_wconf 91' lang='lat' dir='ltr'><strong>de</strong></span> <span class='ocrx_word' id='word_1_46' title='bbox 882 1004 979 1048; x_wconf 85' lang='lat' dir='ltr'><strong>cansa</strong></span> <span class='ocrx_word' id='word_1_47' title='bbox 988 983 1084 1071; x_wconf 86' lang='lat' dir='ltr'><strong>plane</strong></span> <span class='ocrx_word' id='word_1_48' title='bbox 1108 984 1222 1052; x_wconf 89' lang='lat' dir='ltr'><strong>eodem</strong></span> 
     </span>
     <span class='ocr_line' id='line_1_7' title="bbox 81 1100 1020 1186; baseline 0.002 -20"><span class='ocrx_word' id='word_1_49' title='bbox 81 1101 190 1166; x_wconf 88' lang='lat' dir='ltr'><strong>modo</strong></span> <span class='ocrx_word' id='word_1_50' title='bbox 212 1123 252 1166; x_wconf 87' lang='lat' dir='ltr'><strong>ea</strong></span> <span class='ocrx_word' id='word_1_51' title='bbox 273 1100 388 1166; x_wconf 85' lang='lat' dir='ltr'><strong>vocula</strong></span> <span class='ocrx_word' id='word_1_52' title='bbox 411 1121 486 1168; x_wconf 84' lang='lat' dir='ltr'><strong>usus</strong></span> <span class='ocrx_word' id='word_1_53' title='bbox 507 1108 556 1166; x_wconf 83' lang='lat' dir='ltr'><strong>est</strong></span> <span class='ocrx_word' id='word_1_54' title='bbox 577 1100 718 1164; x_wconf 87' lang='lat' dir='ltr'><strong>comicus</strong></span> <span class='ocrx_word' id='word_1_55' title='bbox 740 1110 837 1186; x_wconf 89' lang='lat' dir='ltr'><strong>atque</strong></span> <span class='ocrx_word' id='word_1_56' title='bbox 860 1123 940 1166; x_wconf 86' lang='lat' dir='ltr'><strong>voce</strong></span> <span class='ocrx_word' id='word_1_57' title='bbox 964 1100 1020 1186; x_wconf 75' lang='grc' dir='ltr'><strong>δή.</strong></span> 
     </span>
    </p>

    <p class='ocr_par' dir='ltr' id='par_1_3' title="bbox 88 1217 1226 2958">
     <span class='ocr_line' id='line_1_8' title="bbox 183 1217 1221 1307; baseline 0.003 -23"><span class='ocrx_word' id='word_1_58' title='bbox 183 1219 228 1285; x_wconf 86' lang='lat' dir='ltr'><strong>Et</strong></span> <span class='ocrx_word' id='word_1_59' title='bbox 246 1221 384 1306; x_wconf 91' lang='lat' dir='ltr'><strong>primum</strong></span> <span class='ocrx_word' id='word_1_60' title='bbox 399 1217 529 1305; x_wconf 90' lang='lat' dir='ltr'><strong>quidem</strong></span> <span class='ocrx_word' id='word_1_61' title='bbox 540 1229 613 1304; x_wconf 89' lang='lat' dir='ltr'><strong>post</strong></span> <span class='ocrx_word' id='word_1_62' title='bbox 627 1219 835 1304; x_wconf 78' lang='lat' dir='ltr'><strong>imperativus</strong></span> <span class='ocrx_word' id='word_1_63' title='bbox 851 1218 969 1304; x_wconf 76' lang='lat' dir='ltr'><strong>legitur</strong></span> <span class='ocrx_word' id='word_1_64' title='bbox 981 1219 1023 1286; x_wconf 89' lang='lat' dir='ltr'><strong>ad</strong></span> <span class='ocrx_word' id='word_1_65' title='bbox 1041 1221 1221 1307; x_wconf 76' lang='lat' dir='ltr'><strong>erigendam</strong></span> 
     </span>
     <span class='ocr_line' id='line_1_9' title="bbox 88 1334 1222 1425; baseline 0.003 -23"><span class='ocrx_word' id='word_1_66' title='bbox 88 1357 210 1404; x_wconf 87' lang='lat' dir='ltr'><strong>eorum</strong></span> <span class='ocrx_word' id='word_1_67' title='bbox 220 1338 286 1402; x_wconf 86' lang='lat' dir='ltr'><strong>vim</strong></span> <span class='ocrx_word' id='word_1_68' title='bbox 298 1337 396 1423; x_wconf 85' lang='lat' dir='ltr'>Eq..v.</span> <span class='ocrx_word' id='word_1_69' title='bbox 410 1336 474 1401; x_wconf 82' lang='grc'><strong>726</strong></span> <span class='ocrx_word' id='word_1_70' title='bbox 483 1336 528 1401; x_wconf 89' lang='lat' dir='ltr'><strong>ib.</strong></span> <span class='ocrx_word' id='word_1_71' title='bbox 539 1335 558 1399; x_wconf 77' lang='lat' dir='ltr'><strong>‘l</strong></span> <span class='ocrx_word' id='word_1_72' title='bbox 561 1335 615 1400; x_wconf 89' lang='grc'><strong>49.</strong></span> <span class='ocrx_word' id='word_1_73' title='bbox 625 1334 710 1400; x_wconf 89' lang='lat' dir='ltr'>Nub.</span> <span class='ocrx_word' id='word_1_74' title='bbox 722 1334 752 1417; x_wconf 86' lang='lat'><strong>6,</strong></span> <span class='ocrx_word' id='word_1_75' title='bbox 763 1335 820 1402; x_wconf 85' lang='lat' dir='ltr'><strong>nbi</strong></span> <span class='ocrx_word' id='word_1_76' title='bbox 827 1337 1030 1422; x_wconf 85' lang='lat' dir='ltr'><strong>conjuntivus</strong></span> <span class='ocrx_word' id='word_1_77' title='bbox 1038 1339 1222 1425; x_wconf 86' lang='lat' dir='ltr'><strong>imperativi</strong></span> 
     </span>
     <span class='ocr_line' id='line_1_10' title="bbox 89 1451 1222 1544; baseline 0.004 -24"><span class='ocrx_word' id='word_1_78' title='bbox 89 1452 558 1540; x_wconf 60' lang='lat' dir='ltr'><strong>munerefungitnrllnbffit).</strong></span> <span class='ocrx_word' id='word_1_79' title='bbox 566 1453 663 1540; x_wconf 87' lang='lat' dir='ltr'><strong>Vesp.</strong></span> <span class='ocrx_word' id='word_1_80' title='bbox 672 1451 747 1518; x_wconf 81' lang='lat'><strong>354.</strong></span> <span class='ocrx_word' id='word_1_81' title='bbox 756 1453 913 1526; x_wconf 75' lang='lat' dir='ltr'><strong>Pac978.</strong></span> <span class='ocrx_word' id='word_1_82' title='bbox 925 1453 1001 1542; x_wconf 84' lang='lat' dir='ltr'><strong>Lys.</strong></span> <span class='ocrx_word' id='word_1_83' title='bbox 1012 1455 1063 1520; x_wconf 86' lang='lat'><strong>96.</strong></span> <span class='ocrx_word' id='word_1_84' title='bbox 1073 1457 1146 1523; x_wconf 83' lang='grc'><strong>245.</strong></span> <span class='ocrx_word' id='word_1_85' title='bbox 1155 1458 1222 1544; x_wconf 90' lang='lat' dir='ltr'><strong>qui-</strong></span> 
     </span>
     <span class='ocr_line' id='line_1_11' title="bbox 92 1557 1222 1660; baseline 0.004 -21"><span class='ocrx_word' id='word_1_86' title='bbox 92 1573 163 1640; x_wconf 85' lang='lat' dir='ltr'><strong>bus</strong></span> <span class='ocrx_word' id='word_1_87' title='bbox 177 1574 255 1640; x_wconf 86' lang='lat' dir='ltr'><strong>locis</strong></span> <span class='ocrx_word' id='word_1_88' title='bbox 272 1595 291 1640; x_wconf 89' lang='lat' dir='ltr'><strong>a</strong></span> <span class='ocrx_word' id='word_1_89' title='bbox 307 1571 465 1660; x_wconf 87' lang='lat' dir='ltr'><strong>particula</strong></span> <span class='ocrx_word' id='word_1_90' title='bbox 485 1591 567 1658; x_wconf 88' lang='lat' dir='ltr'><strong>qnae</strong></span> <span class='ocrx_word' id='word_1_91' title='bbox 586 1579 634 1636; x_wconf 85' lang='lat' dir='ltr'><strong>est</strong></span> <span class='ocrx_word' id='word_1_92' title='bbox 650 1557 772 1655; x_wconf 55' lang='lat' dir='ltr'><strong>dej&#39;non</strong></span> <span class='ocrx_word' id='word_1_93' title='bbox 793 1570 901 1638; x_wconf 84' lang='lat' dir='ltr'><strong>dillert</strong></span> <span class='ocrx_word' id='word_1_94' title='bbox 914 1573 975 1638; x_wconf 87' lang='lat' dir='ltr'><strong>nisi</strong></span> <span class='ocrx_word' id='word_1_95' title='bbox 992 1595 1031 1640; x_wconf 92' lang='lat' dir='ltr'><strong>eo</strong></span> <span class='ocrx_word' id='word_1_96' title='bbox 1054 1575 1141 1660; x_wconf 85' lang='lat' dir='ltr'><strong>qnod</strong></span> <span class='ocrx_word' id='word_1_97' title='bbox 1156 1599 1222 1644; x_wconf 85' lang='lat' dir='ltr'><strong>ma·</strong></span> 
     </span>
     <span class='ocr_line' id='line_1_12' title="bbox 93 1689 1223 1778; baseline 0 -20"><span class='ocrx_word' id='word_1_98' title='bbox 93 1693 169 1778; x_wconf 88' lang='lat' dir='ltr'><strong>jore</strong></span> <span class='ocrx_word' id='word_1_99' title='bbox 192 1691 391 1778; x_wconf 87' lang='lat' dir='ltr'><strong>aliquatenus</strong></span> <span class='ocrx_word' id='word_1_100' title='bbox 414 1711 487 1754; x_wconf 91' lang='lat' dir='ltr'><strong>cum</strong></span> <span class='ocrx_word' id='word_1_101' title='bbox 508 1689 542 1754; x_wconf 90' lang='lat' dir='ltr'><strong>vi</strong></span> <span class='ocrx_word' id='word_1_102' title='bbox 564 1689 791 1775; x_wconf 86' lang='lat' dir='ltr'><strong>imperativum</strong></span> <span class='ocrx_word' id='word_1_103' title='bbox 813 1696 920 1774; x_wconf 86' lang='lat' dir='ltr'><strong>auget.</strong></span> <span class='ocrx_word' id='word_1_104' title='bbox 962 1689 1138 1758; x_wconf 85' lang='lat' dir='ltr'><strong>Praeterea</strong></span> <span class='ocrx_word' id='word_1_105' title='bbox 1160 1691 1223 1760; x_wconf 88' lang='lat' dir='ltr'><strong>hnc</strong></span> 
     </span>
     <span class='ocr_line' id='line_1_13' title="bbox 95 1804 1223 1898; baseline 0.003 -23"><span class='ocrx_word' id='word_1_106' title='bbox 95 1811 240 1898; x_wconf 84' lang='lat' dir='ltr'>pertinet</span> <span class='ocrx_word' id='word_1_107' title='bbox 260 1807 399 1895; x_wconf 78' lang='lat' dir='ltr'><strong>Eq.v.6</strong></span> <span class='ocrx_word' id='word_1_108' title='bbox 422 1806 479 1878; x_wconf 82' lang='lat' dir='ltr'><strong>ubi</strong></span> <span class='ocrx_word' id='word_1_109' title='bbox 502 1804 636 1878; x_wconf 72' lang='grc' dir='ltr'><strong><em>κάκιστα</em></strong></span> <span class='ocrx_word' id='word_1_110' title='bbox 651 1804 718 1891; x_wconf 75' lang='grc' dir='ltr'><strong>δῆτ’</strong></span> <span class='ocrx_word' id='word_1_111' title='bbox 740 1805 859 1892; x_wconf 85' lang='lat' dir='ltr'><strong>legitur</strong></span> <span class='ocrx_word' id='word_1_112' title='bbox 881 1828 940 1895; x_wconf 92' lang='lat' dir='ltr'><strong>per</strong></span> <span class='ocrx_word' id='word_1_113' title='bbox 962 1809 1112 1876; x_wconf 81' lang='lat' dir='ltr'><strong>usitatam</strong></span> <span class='ocrx_word' id='word_1_114' title='bbox 1134 1812 1223 1878; x_wconf 85' lang='lat' dir='ltr'><strong>vocis</strong></span> 
     </span>
     <span class='ocr_line' id='line_1_14' title="bbox 95 1924 1224 2015; baseline 0.007 -27"><span class='ocrx_word' id='word_1_115' title='bbox 95 1925 258 1995; x_wconf 71' lang='grc' dir='ltr'><strong><em>ἀπόλοιτο</em></strong></span> <span class='ocrx_word' id='word_1_116' title='bbox 280 1926 416 2014; x_wconf 76' lang='lat' dir='ltr'><strong>ellipsin,</strong></span> <span class='ocrx_word' id='word_1_117' title='bbox 438 1933 471 1992; x_wconf 90' lang='lat' dir='ltr'><strong>et</strong></span> <span class='ocrx_word' id='word_1_118' title='bbox 490 1925 654 2012; x_wconf 81' lang='lat' dir='ltr'><strong>Lye848.</strong></span> <span class='ocrx_word' id='word_1_119' title='bbox 692 1924 788 1992; x_wconf 88' lang='lat' dir='ltr'><strong>Locis</strong></span> <span class='ocrx_word' id='word_1_120' title='bbox 810 1945 888 1990; x_wconf 85' lang='lat' dir='ltr'><strong>vero</strong></span> <span class='ocrx_word' id='word_1_121' title='bbox 912 1924 975 1992; x_wconf 91' lang='lat' dir='ltr'><strong>illis</strong></span> <span class='ocrx_word' id='word_1_122' title='bbox 997 1949 1040 1991; x_wconf 87' lang='lat' dir='ltr'><strong>ex</strong></span> <span class='ocrx_word' id='word_1_123' title='bbox 1050 1927 1224 2015; x_wconf 81' lang='lat' dir='ltr'><strong>Equitibue</strong></span> 
     </span>
     <span class='ocr_line' id='line_1_15' title="bbox 98 2042 1224 2133; baseline 0.004 -23"><span class='ocrx_word' id='word_1_124' title='bbox 98 2045 278 2133; x_wconf 75' lang='lat' dir='ltr'><strong>desumptis</strong></span> <span class='ocrx_word' id='word_1_125' title='bbox 303 2045 495 2128; x_wconf 88' lang='lat' dir='ltr'><strong>notandum,</strong></span> <span class='ocrx_word' id='word_1_126' title='bbox 525 2042 605 2130; x_wconf 74' lang='grc' dir='ltr'><strong>δῆτα</strong></span> <span class='ocrx_word' id='word_1_127' title='bbox 637 2042 784 2120; x_wconf 81' lang='lat' dir='ltr'><strong>additum</strong></span> <span class='ocrx_word' id='word_1_128' title='bbox 816 2065 900 2126; x_wconf 85' lang='lat' dir='ltr'><strong>esse,</strong></span> <span class='ocrx_word' id='word_1_129' title='bbox 931 2053 967 2110; x_wconf 90' lang='lat' dir='ltr'><strong>ut</strong></span> <span class='ocrx_word' id='word_1_130' title='bbox 995 2067 1120 2112; x_wconf 84' lang='lat' dir='ltr'><strong>summa</strong></span> <span class='ocrx_word' id='word_1_131' title='bbox 1150 2069 1224 2114; x_wconf 87' lang='lat' dir='ltr'><strong>oum</strong></span> 
     </span>
     <span class='ocr_line' id='line_1_16' title="bbox 97 2161 1225 2250; baseline 0.004 -22"><span class='ocrx_word' id='word_1_132' title='bbox 97 2166 132 2228; x_wconf 86' lang='lat' dir='ltr'><strong>vi</strong></span> <span class='ocrx_word' id='word_1_133' title='bbox 156 2188 196 2230; x_wconf 87' lang='lat' dir='ltr'><strong>ea</strong></span> <span class='ocrx_word' id='word_1_134' title='bbox 217 2185 284 2231; x_wconf 84' lang='lat' dir='ltr'><strong>vox</strong></span> <span class='ocrx_word' id='word_1_135' title='bbox 305 2165 458 2230; x_wconf 85' lang='lat' dir='ltr'><strong>efferatur</strong></span> <span class='ocrx_word' id='word_1_136' title='bbox 464 2213 480 2247; x_wconf 78' lang='lat'><em>„</em></span> <span class='ocrx_word' id='word_1_137' title='bbox 496 2165 530 2228; x_wconf 93' lang='lat' dir='ltr'><strong>in</strong></span> <span class='ocrx_word' id='word_1_138' title='bbox 553 2185 618 2250; x_wconf 88' lang='lat' dir='ltr'><strong>qua</strong></span> <span class='ocrx_word' id='word_1_139' title='bbox 638 2163 777 2249; x_wconf 87' lang='lat' dir='ltr'><strong>repetita</strong></span> <span class='ocrx_word' id='word_1_140' title='bbox 799 2183 842 2228; x_wconf 83' lang='lat' dir='ltr'><strong>ex</strong></span> <span class='ocrx_word' id='word_1_141' title='bbox 864 2161 1143 2245; x_wconf 74' lang='lat' dir='ltr'><strong>antecedentibus,</strong></span> <span class='ocrx_word' id='word_1_142' title='bbox 1179 2175 1225 2232; x_wconf 94' lang='lat' dir='ltr'><strong>to-</strong></span> 
     </span>
     <span class='ocr_line' id='line_1_17' title="bbox 98 2280 1226 2369; baseline 0.002 -21"><span class='ocrx_word' id='word_1_143' title='bbox 98 2284 164 2350; x_wconf 83' lang='lat' dir='ltr'><strong>tins</strong></span> <span class='ocrx_word' id='word_1_144' title='bbox 187 2283 341 2350; x_wconf 87' lang='lat' dir='ltr'><strong>enuntiati</strong></span> <span class='ocrx_word' id='word_1_145' title='bbox 363 2283 455 2369; x_wconf 81' lang='lat' dir='ltr'><strong>quasi</strong></span> <span class='ocrx_word' id='word_1_146' title='bbox 474 2280 741 2363; x_wconf 77' lang='lat' dir='ltr'><strong>cardoversatur,</strong></span> <span class='ocrx_word' id='word_1_147' title='bbox 763 2289 860 2368; x_wconf 90' lang='lat' dir='ltr'><strong>atque</strong></span> <span class='ocrx_word' id='word_1_148' title='bbox 871 2303 970 2368; x_wconf 87' lang='lat' dir='ltr'><strong>quum</strong></span> <span class='ocrx_word' id='word_1_149' title='bbox 993 2280 1226 2350; x_wconf 85' lang='lat' dir='ltr'><strong>hislooiesum·</strong></span> 
     </span>
     <span class='ocr_line' id='line_1_18' title="bbox 102 2399 1226 2488; baseline 0.004 -22"><span class='ocrx_word' id='word_1_150' title='bbox 102 2423 176 2467; x_wconf 88' lang='lat' dir='ltr'><strong>mus</strong></span> <span class='ocrx_word' id='word_1_151' title='bbox 197 2399 394 2488; x_wconf 83' lang='lat' dir='ltr'><strong>loquentium</strong></span> <span class='ocrx_word' id='word_1_152' title='bbox 418 2399 554 2469; x_wconf 81' lang='lat' dir='ltr'><strong>allectus</strong></span> <span class='ocrx_word' id='word_1_153' title='bbox 575 2421 614 2466; x_wconf 91' lang='lat' dir='ltr'><strong>ea</strong></span> <span class='ocrx_word' id='word_1_154' title='bbox 646 2399 806 2487; x_wconf 84' lang='lat' dir='ltr'><strong>particule</strong></span> <span class='ocrx_word' id='word_1_155' title='bbox 835 2399 1016 2468; x_wconf 76' lang='lat' dir='ltr'><strong>declaretur</strong></span> <span class='ocrx_word' id='word_1_156' title='bbox 1036 2403 1156 2488; x_wconf 88' lang='lat' dir='ltr'><strong>optime</strong></span> <span class='ocrx_word' id='word_1_157' title='bbox 1179 2403 1226 2472; x_wconf 87' lang='lat' dir='ltr'><strong>eis</strong></span> 
     </span>
     <span class='ocr_line' id='line_1_19' title="bbox 101 2515 1225 2607; baseline 0.003 -24"><span class='ocrx_word' id='word_1_158' title='bbox 101 2519 276 2607; x_wconf 88' lang='lat' dir='ltr'><strong>opponitur·</strong></span> <span class='ocrx_word' id='word_1_159' title='bbox 297 2517 378 2584; x_wconf 86' lang='lat' dir='ltr'><strong>th.</strong></span> <span class='ocrx_word' id='word_1_160' title='bbox 404 2518 487 2583; x_wconf 88' lang='grc'><strong>1228</strong></span> <span class='ocrx_word' id='word_1_161' title='bbox 509 2516 566 2584; x_wconf 93' lang='lat' dir='ltr'><strong>ubi</strong></span> <span class='ocrx_word' id='word_1_162' title='bbox 588 2516 705 2585; x_wconf 82' lang='lat' dir='ltr'><strong>chorus</strong></span> <span class='ocrx_word' id='word_1_163' title='bbox 727 2517 862 2586; x_wconf 83' lang='lat' dir='ltr'><strong>vocibus</strong></span> <span class='ocrx_word' id='word_1_164' title='bbox 882 2515 1017 2601; x_wconf 76' lang='grc' dir='ltr'><strong><em>τήνελλα</em></strong></span> <span class='ocrx_word' id='word_1_165' title='bbox 1039 2517 1115 2604; x_wconf 68' lang='grc' dir='ltr'><strong><em>δῆτ’,</em></strong></span> <span class='ocrx_word' id='word_1_166' title='bbox 1136 2521 1225 2601; x_wconf 73' lang='grc' dir='ltr'><em>εἴπερ</em></span> 
     </span>
     <span class='ocr_line' id='line_1_20' title="bbox 101 2632 1226 2720; baseline 0.004 -20"><span class='ocrx_word' id='word_1_167' title='bbox 101 2635 211 2712; x_wconf 66' lang='grc' dir='ltr'><strong><em>καλαῖς</em></strong></span> <span class='ocrx_word' id='word_1_168' title='bbox 229 2637 258 2715; x_wconf 77' lang='grc' dir='ltr'><strong>γ’</strong></span> <span class='ocrx_word' id='word_1_169' title='bbox 282 2632 309 2698; x_wconf 79' lang='lat' dir='ltr'><strong>oi</strong></span> <span class='ocrx_word' id='word_1_170' title='bbox 329 2637 447 2717; x_wconf 74' lang='grc' dir='ltr'><strong><em>πέσβυ,</em></strong></span> <span class='ocrx_word' id='word_1_171' title='bbox 476 2632 660 2710; x_wconf 75' lang='grc' dir='ltr'><strong><em>καλλίνικος</em></strong></span> <span class='ocrx_word' id='word_1_172' title='bbox 693 2635 852 2708; x_wconf 82' lang='lat' dir='ltr'><strong>voeabula</strong></span> <span class='ocrx_word' id='word_1_173' title='bbox 879 2634 1015 2720; x_wconf 77' lang='grc' dir='ltr'><strong><em>τήνελλα</em></strong></span> <span class='ocrx_word' id='word_1_174' title='bbox 1043 2635 1226 2715; x_wconf 73' lang='grc' dir='ltr'><strong><em>καλλίνικος</em></strong></span> 
     </span>
     <span class='ocr_line' id='line_1_21' title="bbox 100 2753 1226 2842; baseline -0.002 -22"><span class='ocrx_word' id='word_1_175' title='bbox 100 2763 278 2842; x_wconf 87' lang='lat' dir='ltr'><strong>praeeunte</strong></span> <span class='ocrx_word' id='word_1_176' title='bbox 315 2753 507 2841; x_wconf 88' lang='lat' dir='ltr'><strong>Dicaeopoli</strong></span> <span class='ocrx_word' id='word_1_177' title='bbox 545 2755 664 2841; x_wconf 88' lang='lat' dir='ltr'><strong>repetit</strong></span> <span class='ocrx_word' id='word_1_178' title='bbox 694 2754 788 2820; x_wconf 89' lang='lat' dir='ltr'><strong>simul</strong></span> <span class='ocrx_word' id='word_1_179' title='bbox 819 2753 939 2822; x_wconf 88' lang='lat' dir='ltr'><strong>additis</strong></span> <span class='ocrx_word' id='word_1_180' title='bbox 970 2754 1105 2820; x_wconf 88' lang='lat' dir='ltr'><strong>vocibus</strong></span> <span class='ocrx_word' id='word_1_181' title='bbox 1135 2758 1226 2842; x_wconf 76' lang='grc' dir='ltr'><strong><em>εἴπερ</em></strong></span> 
     </span>
     <span class='ocr_line' id='line_1_22' title="bbox 99 2869 1075 2958; baseline -0.008 -16"><span class='ocrx_word' id='word_1_182' title='bbox 99 2873 211 2947; x_wconf 69' lang='grc' dir='ltr'><strong><em>καλεῖς</em></strong></span> <span class='ocrx_word' id='word_1_183' title='bbox 230 2895 266 2951; x_wconf 80' lang='lat' dir='ltr'><strong>re</strong></span> <span class='ocrx_word' id='word_1_184' title='bbox 287 2871 471 2958; x_wconf 83' lang='lat' dir='ltr'><strong>significans</strong></span> <span class='ocrx_word' id='word_1_185' title='bbox 490 2869 570 2955; x_wconf 74' lang='grc' dir='ltr'><strong>δῆτα</strong></span> <span class='ocrx_word' id='word_1_186' title='bbox 594 2871 625 2936; x_wconf 92' lang='lat' dir='ltr'><strong>h.</strong></span> <span class='ocrx_word' id='word_1_187' title='bbox 648 2872 668 2938; x_wconf 90' lang='lat' dir='ltr'><strong>l.</strong></span> <span class='ocrx_word' id='word_1_188' title='bbox 689 2893 811 2939; x_wconf 86' lang='lat' dir='ltr'><strong>rnorem</strong></span> <span class='ocrx_word' id='word_1_189' title='bbox 833 2874 975 2957; x_wconf 76' lang='lat' dir='ltr'><strong>gerentis</strong></span> <span class='ocrx_word' id='word_1_190' title='bbox 997 2890 1075 2938; x_wconf 81' lang='lat' dir='ltr'><strong>esse.</strong></span> 
     </span>
    </p>

    <p class='ocr_par' dir='ltr' id='par_1_4' title="bbox 102 2989 1233 4146">
     <span class='ocr_line' id='line_1_23' title="bbox 191 2989 1227 3078; baseline 0 -22"><span class='ocrx_word' id='word_1_191' title='bbox 191 2989 298 3077; x_wconf 84' lang='lat' dir='ltr'><strong>Atque</strong></span> <span class='ocrx_word' id='word_1_192' title='bbox 320 2989 371 3056; x_wconf 88' lang='lat' dir='ltr'><strong>his</strong></span> <span class='ocrx_word' id='word_1_193' title='bbox 392 2989 471 3055; x_wconf 88' lang='lat' dir='ltr'><strong>locis</strong></span> <span class='ocrx_word' id='word_1_194' title='bbox 494 2990 623 3056; x_wconf 89' lang='lat' dir='ltr'><strong>omnino</strong></span> <span class='ocrx_word' id='word_1_195' title='bbox 645 2989 825 3077; x_wconf 78' lang='lat' dir='ltr'><strong>persimiles</strong></span> <span class='ocrx_word' id='word_1_196' title='bbox 847 2999 921 3055; x_wconf 89' lang='lat' dir='ltr'><strong>sunt</strong></span> <span class='ocrx_word' id='word_1_197' title='bbox 942 2989 1004 3056; x_wconf 86' lang='lat' dir='ltr'><strong>loci</strong></span> <span class='ocrx_word' id='word_1_198' title='bbox 1026 2989 1083 3074; x_wconf 77' lang='lat' dir='ltr'><strong>illi,</strong></span> <span class='ocrx_word' id='word_1_199' title='bbox 1103 2991 1137 3061; x_wconf 86' lang='lat' dir='ltr'><strong>in</strong></span> <span class='ocrx_word' id='word_1_200' title='bbox 1159 2989 1227 3078; x_wconf 89' lang='lat' dir='ltr'><strong>qui·</strong></span> 
     </span>
     <span class='ocr_line' id='line_1_24' title="bbox 102 3106 1228 3196; baseline 0.007 -27"><span class='ocrx_word' id='word_1_201' title='bbox 102 3108 166 3176; x_wconf 76' lang='lat' dir='ltr'><strong>bue</strong></span> <span class='ocrx_word' id='word_1_202' title='bbox 188 3106 268 3192; x_wconf 76' lang='grc' dir='ltr'><strong>δῆτα</strong></span> <span class='ocrx_word' id='word_1_203' title='bbox 298 3108 429 3195; x_wconf 87' lang='lat' dir='ltr'><strong>ponitur</strong></span> <span class='ocrx_word' id='word_1_204' title='bbox 455 3107 489 3173; x_wconf 92' lang='lat' dir='ltr'><strong>in</strong></span> <span class='ocrx_word' id='word_1_205' title='bbox 529 3109 735 3196; x_wconf 88' lang='lat' dir='ltr'><strong>responsione</strong></span> <span class='ocrx_word' id='word_1_206' title='bbox 742 3157 766 3192; x_wconf 85' lang='lat'><strong>‚.</strong></span> <span class='ocrx_word' id='word_1_207' title='bbox 782 3107 869 3195; x_wconf 89' lang='lat' dir='ltr'><strong>quod</strong></span> <span class='ocrx_word' id='word_1_208' title='bbox 894 3116 950 3175; x_wconf 91' lang='lat' dir='ltr'><strong>aut</strong></span> <span class='ocrx_word' id='word_1_209' title='bbox 980 3107 1228 3196; x_wconf 87' lang='lat' dir='ltr'><strong>comprobantis,</strong></span> 
     </span>
     <span class='ocr_line' id='line_1_25' title="bbox 102 3225 1227 3315; baseline 0.001 -22"><span class='ocrx_word' id='word_1_210' title='bbox 102 3237 163 3296; x_wconf 88' lang='lat' dir='ltr'><strong>ant</strong></span> <span class='ocrx_word' id='word_1_211' title='bbox 181 3249 253 3294; x_wconf 89' lang='lat' dir='ltr'><strong>cnm</strong></span> <span class='ocrx_word' id='word_1_212' title='bbox 274 3227 445 3312; x_wconf 80' lang='lat' dir='ltr'><strong>negatione</strong></span> <span class='ocrx_word' id='word_1_213' title='bbox 467 3225 674 3313; x_wconf 88' lang='lat' dir='ltr'><strong>conjunctum</strong></span> <span class='ocrx_word' id='word_1_214' title='bbox 696 3226 903 3294; x_wconf 86' lang='lat' dir='ltr'><strong>vehementer</strong></span> <span class='ocrx_word' id='word_1_215' title='bbox 934 3226 1147 3315; x_wconf 86' lang='lat' dir='ltr'><strong>improbantis</strong></span> <span class='ocrx_word' id='word_1_216' title='bbox 1169 3236 1227 3296; x_wconf 90' lang='lat' dir='ltr'><strong>est.</strong></span> 
     </span>
     <span class='ocr_line' id='line_1_26' title="bbox 103 3345 1229 3436; baseline 0 -20"><span class='ocrx_word' id='word_1_217' title='bbox 103 3347 159 3416; x_wconf 79' lang='lat' dir='ltr'><strong>Sic</strong></span> <span class='ocrx_word' id='word_1_218' title='bbox 182 3348 319 3434; x_wconf 85' lang='lat' dir='ltr'><strong>repetita</strong></span> <span class='ocrx_word' id='word_1_219' title='bbox 340 3345 434 3416; x_wconf 83' lang='lat' dir='ltr'><strong>simol</strong></span> <span class='ocrx_word' id='word_1_220' title='bbox 457 3368 500 3412; x_wconf 88' lang='lat' dir='ltr'><strong>ex</strong></span> <span class='ocrx_word' id='word_1_221' title='bbox 529 3345 793 3429; x_wconf 64' lang='lat' dir='ltr'><strong>antecedentibus</strong></span> <span class='ocrx_word' id='word_1_222' title='bbox 825 3347 933 3435; x_wconf 78' lang='lat' dir='ltr'><strong>aliqua</strong></span> <span class='ocrx_word' id='word_1_223' title='bbox 958 3370 1038 3418; x_wconf 82' lang='lat' dir='ltr'><strong>voce</strong></span> <span class='ocrx_word' id='word_1_224' title='bbox 1065 3350 1229 3436; x_wconf 84' lang='lat' dir='ltr'><strong>primaria,</strong></span> 
     </span>
     <span class='ocr_line' id='line_1_27' title="bbox 103 3462 1228 3553; baseline 0 -21"><span class='ocrx_word' id='word_1_225' title='bbox 103 3479 187 3553; x_wconf 77' lang='lat' dir='ltr'><strong>&#39;quae</strong></span> <span class='ocrx_word' id='word_1_226' title='bbox 209 3487 269 3552; x_wconf 88' lang='lat' dir='ltr'><strong>per</strong></span> <span class='ocrx_word' id='word_1_227' title='bbox 291 3465 482 3552; x_wconf 80' lang='lat' dir='ltr'><strong>particulam</strong></span> <span class='ocrx_word' id='word_1_228' title='bbox 506 3462 586 3548; x_wconf 73' lang='grc' dir='ltr'><strong>δῆτα</strong></span> <span class='ocrx_word' id='word_1_229' title='bbox 613 3466 661 3532; x_wconf 85' lang='lat' dir='ltr'><strong>ite</strong></span> <span class='ocrx_word' id='word_1_230' title='bbox 676 3475 817 3552; x_wconf 37' lang='lat' dir='ltr'><strong>*angetur</strong></span> <span class='ocrx_word' id='word_1_231' title='bbox 838 3475 875 3532; x_wconf 89' lang='lat' dir='ltr'><strong>ut</strong></span> <span class='ocrx_word' id='word_1_232' title='bbox 896 3475 990 3532; x_wconf 85' lang='lat' dir='ltr'><strong>extra</strong></span> <span class='ocrx_word' id='word_1_233' title='bbox 1021 3464 1155 3534; x_wconf 87' lang='lat' dir='ltr'><strong>dubium</strong></span> <span class='ocrx_word' id='word_1_234' title='bbox 1176 3487 1228 3532; x_wconf 90' lang='lat' dir='ltr'><strong>res</strong></span> 
     </span>
     <span class='ocr_line' id='line_1_28' title="bbox 103 3581 1228 3672; baseline -0.004 -20"><span class='ocrx_word' id='word_1_235' title='bbox 103 3592 250 3672; x_wconf 86' lang='lat' dir='ltr'><strong>ponatur,</strong></span> <span class='ocrx_word' id='word_1_236' title='bbox 273 3584 474 3650; x_wconf 86' lang='lat' dir='ltr'><strong>assentientis</strong></span> <span class='ocrx_word' id='word_1_237' title='bbox 497 3592 545 3652; x_wconf 85' lang='lat' dir='ltr'><strong>eet</strong></span> <span class='ocrx_word' id='word_1_238' title='bbox 565 3582 645 3654; x_wconf 83' lang='lat' dir='ltr'><strong>locis</strong></span> <span class='ocrx_word' id='word_1_239' title='bbox 657 3584 850 3671; x_wconf 86' lang='lat' dir='ltr'><strong>queleeaunt</strong></span> <span class='ocrx_word' id='word_1_240' title='bbox 871 3584 949 3670; x_wconf 85' lang='lat' dir='ltr'><strong>Lys.</strong></span> <span class='ocrx_word' id='word_1_241' title='bbox 963 3585 1046 3650; x_wconf 83' lang='lat'>848:</span> <span class='ocrx_word' id='word_1_242' title='bbox 1070 3581 1172 3668; x_wconf 77' lang='grc' dir='ltr'><strong><em>α’νήρς</em></strong></span> <span class='ocrx_word' id='word_1_243' title='bbox 1188 3621 1228 3635; x_wconf 89' lang='lat'>-</span> 
     </span>
     <span class='ocr_line' id='line_1_29' title="bbox 105 3699 1233 3787; baseline 0.006 -23"><span class='ocrx_word' id='word_1_244' title='bbox 105 3700 189 3786; x_wconf 73' lang='grc' dir='ltr'><strong>ἀνὴρ</strong></span> <span class='ocrx_word' id='word_1_245' title='bbox 224 3700 290 3787; x_wconf 74' lang='grc' dir='ltr'><strong>δῆα’</strong></span> <span class='ocrx_word' id='word_1_246' title='bbox 323 3737 365 3752; x_wconf 86' lang='lat'>-</span> <span class='ocrx_word' id='word_1_247' title='bbox 398 3699 457 3766; x_wconf 79' lang='lat' dir='ltr'><strong>oe’a</strong></span> <span class='ocrx_word' id='word_1_248' title='bbox 487 3702 565 3766; x_wconf 79' lang='grc' dir='ltr'><strong><em>ἄπει</em></strong></span> <span class='ocrx_word' id='word_1_249' title='bbox 594 3700 659 3786; x_wconf 76' lang='grc' dir='ltr'><strong>δῆτ’</strong></span> <span class='ocrx_word' id='word_1_250' title='bbox 697 3699 846 3768; x_wconf 68' lang='lat' dir='ltr'><strong>sanotae</strong></span> <span class='ocrx_word' id='word_1_251' title='bbox 875 3701 932 3770; x_wconf 86' lang='lat' dir='ltr'><strong>ubi</strong></span> <span class='ocrx_word' id='word_1_252' title='bbox 963 3700 1061 3787; x_wconf 64' lang='grc' dir='ltr'><strong>α’νὴα</strong></span> <span class='ocrx_word' id='word_1_253' title='bbox 1082 3700 1147 3786; x_wconf 68' lang='grc' dir='ltr'><strong>δῆτ’</strong></span> <span class='ocrx_word' id='word_1_254' title='bbox 1183 3713 1233 3773; x_wconf 83' lang='lat' dir='ltr'><strong>eet</strong></span> 
     </span>
     <span class='ocr_line' id='line_1_30' title="bbox 105 3801 1230 3907; baseline 0.002 -19"><span class='ocrx_word' id='word_1_255' title='bbox 105 3823 222 3902; x_wconf 65' lang='lat' dir='ltr'><strong>,mmo</strong></span> <span class='ocrx_word' id='word_1_256' title='bbox 243 3822 326 3903; x_wconf 68' lang='lat' dir='ltr'><strong>vor,</strong></span> <span class='ocrx_word' id='word_1_257' title='bbox 349 3820 447 3907; x_wconf 70' lang='lat' dir='ltr'><strong>vap.</strong></span> <span class='ocrx_word' id='word_1_258' title='bbox 472 3819 566 3886; x_wconf 78' lang='lat' dir='ltr'><strong>rere.</strong></span> <span class='ocrx_word' id='word_1_259' title='bbox 587 3820 664 3886; x_wconf 71' lang='lat' dir='ltr'><strong>rao.</strong></span> <span class='ocrx_word' id='word_1_260' title='bbox 681 3820 783 3887; x_wconf 75' lang='lat' dir='ltr'><strong>roeo.</strong></span> <span class='ocrx_word' id='word_1_261' title='bbox 813 3820 876 3886; x_wconf 75' lang='lat' dir='ltr'><strong>nv.</strong></span> <span class='ocrx_word' id='word_1_262' title='bbox 899 3821 974 3886; x_wconf 75' lang='lat' dir='ltr'><strong>nee.</strong></span> <span class='ocrx_word' id='word_1_263' title='bbox 996 3820 1071 3886; x_wconf 77' lang='lat' dir='ltr'><strong>are.</strong></span> <span class='ocrx_word' id='word_1_264' title='bbox 1100 3801 1230 3890; x_wconf 66' lang='lat' dir='ltr'><strong>rheam.</strong></span> 
     </span>
     <span class='ocr_line' id='line_1_31' title="bbox 104 3938 1231 4026; baseline 0.003 -22"><span class='ocrx_word' id='word_1_265' title='bbox 104 3940 169 4006; x_wconf 69' lang='lat' dir='ltr'><strong>ool</strong></span> <span class='ocrx_word' id='word_1_266' title='bbox 193 3938 369 4026; x_wconf 68' lang='lat' dir='ltr'><strong>toonys.</strong></span> <span class='ocrx_word' id='word_1_267' title='bbox 393 3939 467 4004; x_wconf 88' lang='grc'><strong>836.</strong></span> <span class='ocrx_word' id='word_1_268' title='bbox 490 3938 563 4003; x_wconf 91' lang='grc'><strong>882.</strong></span> <span class='ocrx_word' id='word_1_269' title='bbox 588 3939 661 4004; x_wconf 89' lang='grc'><strong>930.</strong></span> <span class='ocrx_word' id='word_1_270' title='bbox 684 3940 759 4006; x_wconf 80' lang='grc'><strong>972.</strong></span> <span class='ocrx_word' id='word_1_271' title='bbox 781 3939 871 4010; x_wconf 84' lang='lat' dir='ltr'><strong>Eccl.</strong></span> <span class='ocrx_word' id='word_1_272' title='bbox 897 3939 990 4022; x_wconf 82' lang='lat'><strong>1122,</strong></span> <span class='ocrx_word' id='word_1_273' title='bbox 1012 3938 1070 4006; x_wconf 90' lang='lat' dir='ltr'><strong>ubi</strong></span> <span class='ocrx_word' id='word_1_274' title='bbox 1091 3938 1171 4026; x_wconf 76' lang='grc' dir='ltr'><strong>δῆτα</strong></span> <span class='ocrx_word' id='word_1_275' title='bbox 1195 3943 1231 4007; x_wconf 91' lang='lat' dir='ltr'><strong>in</strong></span> 
     </span>
     <span class='ocr_line' id='line_1_32' title="bbox 104 4056 1144 4146; baseline -0.007 -22"><span class='ocrx_word' id='word_1_276' title='bbox 104 4057 277 4146; x_wconf 80' lang='lat' dir='ltr'><strong>anaphora,</strong></span> <span class='ocrx_word' id='word_1_277' title='bbox 299 4066 335 4123; x_wconf 89' lang='lat' dir='ltr'><strong>nt</strong></span> <span class='ocrx_word' id='word_1_278' title='bbox 357 4056 408 4142; x_wconf 66' lang='grc' dir='ltr'><strong>δή,</strong></span> <span class='ocrx_word' id='word_1_279' title='bbox 430 4058 578 4144; x_wconf 89' lang='lat' dir='ltr'><strong>positum.</strong></span> <span class='ocrx_word' id='word_1_280' title='bbox 1141 4119 1144 4126; x_wconf 81' lang='grc'>,</span> 
     </span>
    </p>

    <p class='ocr_par' dir='ltr' id='par_1_5' title="bbox 106 4170 1230 4386">
     <span class='ocr_line' id='line_1_33' title="bbox 190 4170 1230 4264; baseline -0.007 -22"><span class='ocrx_word' id='word_1_281' title='bbox 190 4175 276 4244; x_wconf 77' lang='lat' dir='ltr'><strong>eum</strong></span> <span class='ocrx_word' id='word_1_282' title='bbox 299 4177 470 4263; x_wconf 84' lang='lat' dir='ltr'><strong>negatione</strong></span> <span class='ocrx_word' id='word_1_283' title='bbox 494 4199 577 4264; x_wconf 90' lang='lat' dir='ltr'><strong>quae</strong></span> <span class='ocrx_word' id='word_1_284' title='bbox 599 4173 727 4242; x_wconf 73' lang='lat' dir='ltr'><strong>asteria</strong></span> <span class='ocrx_word' id='word_1_285' title='bbox 751 4197 814 4242; x_wconf 88' lang='lat' dir='ltr'><strong>uno</strong></span> <span class='ocrx_word' id='word_1_286' title='bbox 836 4175 907 4242; x_wconf 88' lang='lat' dir='ltr'><strong>loco</strong></span> <span class='ocrx_word' id='word_1_287' title='bbox 930 4177 1134 4263; x_wconf 87' lang='lat' dir='ltr'><strong>conjunctum</strong></span> <span class='ocrx_word' id='word_1_288' title='bbox 1152 4170 1230 4258; x_wconf 87' lang='lat' dir='ltr'><strong>legi-</strong></span> 
     </span>
     <span class='ocr_line' id='line_1_34' title="bbox 106 4290 1230 4386; baseline -0.004 -27"><span class='ocrx_word' id='word_1_289' title='bbox 106 4302 157 4360; x_wconf 86' lang='lat' dir='ltr'><strong>tur</strong></span> <span class='ocrx_word' id='word_1_290' title='bbox 178 4291 261 4362; x_wconf 85' lang='lat' dir='ltr'><strong>Ach.</strong></span> <span class='ocrx_word' id='word_1_291' title='bbox 283 4295 367 4381; x_wconf 83' lang='grc'><strong>328,</strong></span> <span class='ocrx_word' id='word_1_292' title='bbox 399 4295 434 4365; x_wconf 89' lang='lat' dir='ltr'><strong>in</strong></span> <span class='ocrx_word' id='word_1_293' title='bbox 455 4317 519 4386; x_wconf 89' lang='lat' dir='ltr'><strong>quo</strong></span> <span class='ocrx_word' id='word_1_294' title='bbox 547 4294 618 4364; x_wconf 87' lang='lat' dir='ltr'><strong>loco</strong></span> <span class='ocrx_word' id='word_1_295' title='bbox 648 4295 801 4363; x_wconf 83' lang='lat' dir='ltr'><strong>acerbam</strong></span> <span class='ocrx_word' id='word_1_296' title='bbox 829 4294 1013 4364; x_wconf 85' lang='lat' dir='ltr'><strong>irrisionem</strong></span> <span class='ocrx_word' id='word_1_297' title='bbox 1029 4294 1101 4382; x_wconf 88' lang='lat' dir='ltr'><strong>jam</strong></span> <span class='ocrx_word' id='word_1_298' title='bbox 1132 4290 1230 4356; x_wconf 84' lang='lat' dir='ltr'><strong>sensit</strong></span> 
     </span>
    </p>
   </div>
   <div class='ocr_carea' id='block_1_3' title="bbox 1346 4252 1409 4310">
    <p class='ocr_par' dir='ltr' id='par_1_6' title="bbox 1346 4252 1409 4310">
     <span class='ocr_line' id='line_1_35' title="bbox 1346 4252 1409 4310; baseline 0 -10"><span class='ocrx_word' id='word_1_299' title='bbox 1346 4252 1409 4310; x_wconf 52' lang='grc' dir='ltr'><strong>*Α</strong></span> 
     </span>
    </p>
   </div>
   <div class='ocr_carea' id='block_1_4' title="bbox 0 0 1456 4910">
    <p class='ocr_par' dir='ltr' id='par_1_7' title="bbox 0 0 1456 4910">
     <span class='ocr_line' id='line_1_36' title="bbox 0 0 1456 4910; baseline 0 0"><span class='ocrx_word' id='word_1_300' title='bbox 0 0 1456 4910; x_wconf 95' lang='lat' dir='ltr'><strong> </strong></span> 
     </span>
    </p>
   </div>
  </div>
 </body>
</html>
