2874 4910
618 323 779 398 ,26

190 501 251 568 bus
275 511 410 588 apparet
431 509 592 568 structura
613 505 812 590 parataotioa
833 503 888 588 (cf.
918 504 960 569 K.
981 501 1020 568 F.
1042 503 1152 568 Herm.
1186 503 1230 570 de
1254 527 1348 592 pro-

189 619 251 684 tasi
272 621 469 707 paratactica
489 644 522 707 p.
542 620 573 684 4.
596 621 739 708 Kriigeri
761 620 817 688 Gr.
839 620 896 688 Gr.
918 618 1015 710 659.
1039 620 1153 685 Matth.
1182 617 1217 709 ἓ.
1249 623 1343 686 622.

189 733 221 799 4.
245 733 393 800 Scheibe.
415 737 530 802 Philol.
553 738 592 803 V.
624 737 698 802 350.
727 736 860 804 Heindf.
883 737 926 803 ad
950 736 1033 802 Plat.
1057 738 1156 822 Gorg.
1179 735 1212 828 ξ.
1241 740 1342 822 144.)

190 849 301 917 Solent
324 852 409 918 enim
432 855 765 941 scriptoresGrseoi,
793 863 830 920 ut
850 855 1017 942 pedestres
1049 857 1095 919 ita
1125 853 1243 941 podtae
1267 856 1339 940 (cf.
1426 862 1429 967 )

189 967 350 1054 Exempla
372 969 550 1057 Sophoclea
572 977 653 1060 quae
677 972 807 1058 collegit
826 971 866 1036 L.
889 972 1014 1059 Lange:
1039 971 1080 1036 de
1091 971 1188 1058 Soph.
1197 971 1339 1036 Eiectr.

189 1085 309 1149 stasim.
331 1085 375 1150 ΙΙ.
399 1098 568 1154 comment.
591 1113 623 1178 p.
647 1091 702 1178 11)
734 1113 794 1177 per
824 1089 998 1178 particulas
1028 1087 1143 1169 μὲν-δέ
1176 1089 1243 1155 duo
1268 1113 1336 1177 pe·
1427 1076 1429 1115 ³

189 1201 275 1268 riodi
291 1205 437 1271 membra
451 1208 655 1293 conjungere,
678 1229 841 1292 „quernus
863 1216 899 1274 ut
916 1208 1095 1272 Hermanni
1108 1208 1219 1273 verbis
1233 1217 1329 1289 utar,
1428 1284 1429 1287 Ἴ

188 1322 350 1402 posterius
366 1324 565 1405 primariam
587 1327 818 1392 enuntiationis
839 1325 1125 1407 notionem-prins
1161 1324 1331 1388 secunda·
1428 1322 1429 1335 ¹

189 1443 453 1520 stanconam,
475 1443 547 1508 ideo
566 1444 801 1524 praemissum,
825 1464 886 1524 quo
909 1443 1011 1525 mauis
1026 1464 1090 1524 per
1111 1443 1195 1507 hanc
1219 1463 1329 1524 oppo-
1427 1476 1429 1513 1

190 1559 336 1624 sitionem
353 1561 551 1640 primariam
565 1560 725 1626 notionem
731 1560 900 1642 percipias
912 1565 941 1625 et
951 1561 1202 1642 persentiscens&
1224 1559 1327 1624 Idem

190 1699 265 1742 usas
295 1676 383 1764 apud
411 1677 544 1742 Latinos
565 1685 685 1760 exstat,
716 1685 752 1742 ut
773 1677 931 1764 exemplis
963 1677 1182 1764 probaverunt
1203 1677 1329 1741 Herm.
1427 1664 1429 1695 ¹

190 1797 210 1860 l.
233 1819 262 1862 c.
284 1819 317 1883 p.
344 1795 391 1861 10.
414 1817 483 1883 sqq.
504 1795 675 1862 Heindorf.
709 1795 752 1860 ad
782 1795 869 1862 Hor.
894 1795 962 1868 sat.
980 1796 1025 1861 II.
1060 1796 1090 1861 7.
1120 1795 1193 1860 109.
1221 1797 1326 1862 Prius
1428 1858 1429 1888 ,

190 1912 270 1978 illud
291 1915 482 1998 membrum,
515 1915 602 2001 quod
626 1937 686 2002 per
705 1914 897 2001 particulam
918 1915 980 1994 μέν
1000 1912 1174 1995 inducitur,
1196 1913 1322 1978 talibus

189 2030 268 2095 locis
289 2034 498 2116 grammatice
517 2034 552 2098 in
573 2033 687 2098 eodem
699 2032 812 2098 ordine
833 2032 974 2119 positum
996 2039 1052 2114 est,
1076 2032 1110 2094 in
1133 2052 1196 2117 quo
1218 2052 1323 2094 mem·
1427 2051 1430 2149 )

189 2147 284 2214 brum
307 2171 443 2236 sequens
463 2149 551 2236 quod
574 2157 626 2220 est,
642 2150 832 2236 primarium
865 2171 964 2235 quum
997 2170 1056 2235 per
1085 2149 1242 2214 rationem
1271 2147 1321 2212 lo-

189 2267 295 2352 gicam
317 2288 381 2331 non
402 2265 633 2349 coordinatum,
653 2265 713 2330 sed
734 2265 979 2332 subordinatum
1002 2287 1081 2332 'esse
1105 2265 1238 2348 debeat,
1269 2265 1322 2330 ita
1426 2243 1429 2317 1

189 2391 225 2448 ut
247 2385 484 2449 enuntiatorum
505 2385 587 2450 ratio
609 2386 772 2471 appareat,
794 2385 822 2448 si
843 2385 937 2470 prius·
954 2383 1135 2448 membrum
1163 2405 1223 2470 per
1244 2405 1322 2470 par·
1427 2428 1429 2501 p

189 2496 320 2563 ticulam
349 2521 443 2583 quum
474 2503 655 2590 subjungis,
698 2501 834 2570 alterum
871 2523 931 2587 per
968 2507 1074 2566 tumen
1110 2500 1218 2566 infers.
1264 2500 1320 2583 (cf.

190 2616 405 2685 Breitenbach
427 2620 469 2685 ad
492 2621 577 2686 Xen.
600 2620 685 2685 Heli.
708 2620 751 2686 V.
773 2621 805 2684 2.
832 2619 892 2704 16).
935 2619 975 2683 In
997 2617 1054 2683 tali
1078 2619 1319 2683 enuntiatorum
1427 2626 1429 2677 t

190 2738 412 2824 conjunctione
434 2763 591 2833 summam
614 2762 683 2806 esse
704 2761 798 2826 posse
819 2739 1009 2804 varietatem
1031 2744 1173 2824 apparet,
1195 2735 1317 2799 Aristo·

190 2856 312 2944 phanes
334 2879 373 2922 ea
394 2857 629 2944 simplicissima
643 2859 768 2923 ratione
788 2879 865 2923 usus
880 2864 937 2938 cst,
957 2855 1004 2921 its
1022 2862 1059 2919 ut
1073 2852 1221 2918 membra
1233 2873 1316 2940 quae
1428 2870 1429 2887 ¹

190 2997 250 3062 per
269 2997 304 3039 se
325 2983 472 3040 constant
492 2975 636 3062 sibiper
653 2976 718 3056 μέν
739 2983 773 3038 et
794 2971 832 3036 δέ
853 2980 1016 3060 opponat,
1040 2993 1104 3037 non
1132 2969 1315 3056 subjungat.
1428 3028 1429 3047 ,

190 3091 265 3170 Qua
287 3088 328 3154 de
349 3111 463 3156 caussa
483 3089 536 3154 hio
557 3091 645 3156 locos
667 3111 869 3156 enumerasse
891 3089 1041 3155 sufficiat.
1064 3089 1233 3153 Invenitur
1256 3089 1315 3174 igi·

188 3217 243 3272 tur
262 3215 424 3274 structura
444 3209 662 3296 parstsctica:
683 3206 765 3274 Ach-
787 3207 863 3288 305.
884 3206 958 3279 353,
979 3205 1039 3292 Eq.
1062 3205 1135 3270 157.
1156 3205 1221 3271 465
1243 3206 1316 3293 (quo

189 3325 369 3391 versusibi
390 3323 771 3415 respondentnoo'puun
796 3327 856 3406 μὲν
878 3363 920 3374 -
942 3322 1012 3386 ἰδία
1032 3321 1072 3386 δέ
1093 3323 1132 3388 cf.
1154 3323 1261 3392 Kock.
1284 3347 1313 3390 a.

189 3442 221 3507 h.
243 3441 263 3511 l.
289 3466 388 3530 quum
409 3445 507 3532 vulgo
528 3445 592 3511 sibi
608 3453 810 3532 opponantur
826 3445 1001 3528 πρόφασιν
1023 3443 1142 3522 μὲν-
1158 3439 1192 3506 ad
1204 3437 1315 3526 t'a'tq‘-

190 3565 258 3636 θες.
302 3563 378 3648 Lys.
402 3563 475 3628 adv.
498 3563 602 3649 Agor.
626 3547 805 3628 1211155.
829 3561 884 3626 VI.
905 3561 972 3645 33.)
994 3560 1039 3625 ib.
1067 3558 1236 3640 tratas,
1258 3557 1316 3623 ubi

189 3689 277 3746 recte
308 3682 449 3772 restituit
476 3680 633 3754 iusdsdsds
650 3677 782 3747 'Cobet
810 3677 854 3743 ad
884 3677 1043 3764 Hyperid.
1073 3677 1162 3764 Epit.
1191 3699 1225 3764 p.
1258 3677 1315 3760 123

191 3797 264 3865 753.
288 3799 363 3864 802.
389 3800 463 3866 929.
488 3800 582 3864 1222.
605 3797 844 3868 Ν55.,63.484.
859 3796 952 3861 1293.
979 3795 1191 3860 14131434.
1215 3794 1314 3879 Vesp.

192 3916 277 3981 669.1
291 3917 367 3982 682.
389 3918 463 3984 715.
487 3918 662 3984 euersae.
695 3917 770 3994 204.
799 3915 874 3980 410.
898 3913 977 3978 646..
995 3913 1069 3978 800.
1095 3913 1195 3994 114ος
1216 3935 1314 4000 quem

189 4033 295 4100 locum
318 4035 414 4100 etiam
435 4037 593 4123 itapotes
616 4034 789 4121 explicare,
810 4041 846 4098 ut
867 4029 1056 4113 ἐσπαρμένα
1070 4030 1231 4117 objectum
1247 4052 1317 4094 esse

136 4179 139 4184 ’
191 4153 280 4220 dicas
301 4153 343 4218 ad
364 4162 535 4241 utrumque
558 4154 702 4235 verbum,
724 4151 782 4239 (cf.
804 4151 945 4235 Kriiger.
968 4145 1001 4238 ξ.
1019 4150 1070 4214 60.
1093 4149 1155 4232 4.),
1173 4147 1275 4235 idque
1297 4172 1317 4214 a

190 4271 292 4338 verbo
313 4280 416 4352 τυχεῖν
438 4271 582 4357 pendens
604 4271 718 4352 facias,
749 4268 916 4334 denatum
948 4266 1143 4354 pleonastioe
1170 4265 1315 4331 additum
