2874 4910
671 335 710 401 15

119 523 244 589 bimus.
284 519 400 586 Etiam·
415 516 599 582 numeralia
613 537 679 602 per
700 513 891 602 particulam
912 514 973 597 μέν
994 523 1089 580 aucta
1110 517 1254 582 invenies

122 640 206 705 Pac.
226 659 256 701 v,
282 637 321 702 13
343 634 421 719 Lye.
443 633 516 699 641.
547 654 610 720 quo
633 633 765 729 quidem
786 633 858 698 loco
882 631 994 698 ultimo
1016 634 1162 720 sequitur
1180 654 1253 719 par·

122 754 227 821 ticnls
254 753 322 818 εἶτα
353 774 392 818 ao
417 752 445 818 ei
479 751 705 838 praecessisset
741 752 853 835 norica
886 750 956 832 μέν.
990 749 1080 816 'Ram
1112 773 1143 815 v.
1169 751 1252 818 1432

121 879 303 961 praecunte
344 870 461 936 Vossio
493 877 581 935 recte
614 867 814 935 deleverunt
845 867 1045 952 Meinekius,
1081 867 1281 954 Bergkius,

121 989 283 1057 Kockius.
625 1037 627 1044 .

212 1105 364 1191 Denique
395 1102 498 1169 verba
522 1103 682 1191 particula.
709 1104 770 1186 μέν
803 1103 994 1186 efferuntur,
1026 1111 1063 1168 ut
1084 1081 1165 1170 Ach.
1187 1103 1252 1170 509
1396 1139 1397 1144 κ

122 1223 184 1290 ubi
205 1225 267 1304 μέν
287 1221 465 1287 solitarium
486 1222 627 1308 pertinet
649 1221 691 1286 ad
713 1243 827 1287 vocem
847 1223 941 1303 μισῶ,
963 1220 1050 1307 quod
1063 1243 1140 1287 vero
1154 1243 1251 1288 versu

122 1342 192 1408 513
213 1341 330 1427 legitur
351 1336 433 1424 ἀτάρ
455 1359 521 1404 non
542 1339 584 1403 ad
605 1339 667 1419 μέν
687 1339 827 1425 respicit,
849 1338 907 1403 sed
929 1337 971 1403 ad
991 1340 1097 1405 omnia
1113 1360 1196 1426 quae
1213 1362 1251 1406 eo

121 1479 227 1546 usque
248 1455 441 1545 protulerat,
472 1477 554 1542 quae
587 1455 850 1542 recapitulatione
880 1457 971 1543 quasi
1005 1456 1145 1543 quadam
1166 1458 1252 1524 facta

123 1595 214 1642 nunc
235 1573 398 1640 concludit
416 1572 461 1656 ,de
475 1595 548 1659 ·quo
568 1595 629 1638 usu
651 1573 735 1639 infra
755 1573 954 1658 videbimus3
976 1574 1053 1639 Pac.
1074 1597 1105 1640 v.
1118 1574 1171 1659 47,
1193 1575 1250 1641 ubi

123 1693 244 1778 legitur
265 1691 367 1756 dexto
381 1692 457 1776 μέν,
488 1713 570 1777 quae
601 1690 730 1756 dicendi
755 1691 893 1756 formula
914 1689 1008 1778 plane
1032 1691 1177 1777 ejusdem
1199 1713 1253 1777 ge-

123 1811 213 1876 neris
234 1817 283 1875 est
303 1818 399 1896 atque
419 1807 504 1882 εἰκὸς
524 1809 585 1889 μὲν
606 1807 697 1889 οἶμαι
717 1809 793 1890 μὲν,
822 1805 911 1870 δοκεῖ
936 1809 997 1888 μὲν
1020 1816 1053 1872 et
1073 1830 1155 1894 quae
1177 1818 1251 1874 sunt

124 1928 244 1994 similia
272 1948 355 2014 quae
383 1925 472 2014 apud
495 1924 750 2012 Aristophanem.
775 1946 841 1991 non
871 1923 1035 2011 leguntur,
1056 1926 1132 1992 Pac.
1154 1949 1185 1992 v.
1207 1928 1249 1992 47

126 2045 213 2125 dieo,
237 2046 264 2110 si
277 2043 487 2111 Stallbaumio
509 2041 710 2112 credendum
732 2049 815 2107 esset
838 2040 1023 2128 (11811111).
1046 2043 1090 2109 ad
1106 2044 1204 2132 Resp.
1222 2046 1250 2110 Ι.

124 2163 191 2229 334
207 2161 245 2229 O.
278 2162 336 2227 IV.
357 2159 424 2227 423
436 2161 487 2243 Β.)
512 2141 600 2226 certe
623 2160 766 2248 suppleri
788 2160 923 2226 deberet
944 2162 1115 2247 cogitando
1138 2165 1252 2247 σαφῶς

125 2275 208 2344 diris
229 2277 482 2366 occasioned
503 2275 936 2362 minimeestn'ecessarium,
959 2279 1092 2346 simulac
1104 2287 1250 2346 tenemus

123 2397 187 2478 μέν
207 2397 398 2462 affirmative
419 2397 497 2483 poni
518 2417 612 2483 posse
639 2417 704 2461 non
725 2395 940 2482 respondente
963 2395 1017 2476 de,-
1049 2420 1148 2484 porro
1168 2399 1250 2464 Ran.

124 2513 207 2598 866,
233 2513 300 2580 ubi'
312 2521 431 2580 eontra·
445 2535 539 2578 usum
561 2513 677 2582 oomioi
697 2513 759 2594 μὲν
780 2512 823 2575 ἄν
843 2513 1027 2580 Brunokius
1048 2514 1158 2600 legere
1178 2513 1251 2604 pro·

124 2634 239 2720 posuit,
259 2630 341 2697 ibid.
363 2653 393 2696 v.
417 2631 521 2715 1184,
543 2633 606 2717 quo
630 2629 701 2695 loco
723 2630 882 2696 infinitivo
909 2634 1012 2716 φῦναι
1033 2653 1101 2698 vox
1121 2636 1183 2715 μέν
1203 2634 1249 2699 ita

125 2749 266 2833 additur,
289 2757 326 2814 ut
336 2748 431 2814 simul
438 2749 486 2812 eis
498 2769 581 2834 quae
596 2746 790 2812 antecedunt
803 2747 893 2812 eliud
905 2748 983 2834 quid
997 2758 1145 2836 opponat,
1161 2749 1249 2816 deni·

126 2867 283 2954 quoPlut.
294 2865 368 2932 234.
402 2865 477 2930 Huc
487 2887 565 2930 vero
581 2863 677 2934 liceat
686 2864 815 2930 trahere
827 2864 887 2930 Av.
899 2865 984 2930 1214
995 2887 1057 2952 quo
1073 2888 1137 2931 uno
1152 2889 1251 2934 versu

124 2984 212 3072 apud
222 2983 471 3070 Aristophanem
486 2983 547 3066 μέν
565 2981 684 3068 legitur
699 2983 734 3046 in
745 2983 1006 3068 interrogatione.
1021 2982 1150 3077 'Verba
1159 2959 1249 3049 sunt:

124 3103 252 3164 Hasd.-
272 3097 502 3186 οὐκέλαβες.
540 3099 944 3185 Ἶριςὺγιάινειςμέν,·
966 3099 1249 3188 ati-quodclooo

127 3227 225 3306 atque
245 3240 307 3284 usu
330 3216 458 3304 diversa
479 3216 681 3304 protulerunt
701 3217 874 3285 Elmsleius
895 3217 939 3283 ad
951 3218 1031 3284 Eur.
1052 3218 1140 3284 Med.
1167 3220 1249 3292 1098

127 3346 160 3403 et
180 3336 388 3402 Hermannus
418 3337 451 3400 in
485 3356 620 3400 censura
641 3335 778 3401 Medeae
808 3335 850 3401 ab
880 3335 1035 3402 Elmsleio
1064 3335 1170 3402 editae
1193 3334 1248 3422 (of.

125 3454 239 3520 Herm.
272 3453 315 3518 ad
344 3452 468 3518 calcem
502 3451 552 3518 ed.
578 3451 668 3518 Med.
687 3452 799 3518 Elmsl.
830 3452 919 3541 Lips.
947 3476 979 3540 p.
1001 3453 1075 3538 381)
1112 3475 1250 3540 quocum

126 3569 510 3637 consentitButtmannus
526 3569 575 3636 'a'd
593 3569 675 3636 Plat.
696 3571 783 3636 Men.
799 3593 830 3658 p.
853 3571 896 3637 82
918 3570 956 3635 Β.
978 3591 1076 3657 quum
1098 3569 1251 3638 lllmsleio
1283 3583 1285 3588 '

126 3690 230 3755 socius
263 3689 424 3753 exstiterit
450 3685 566 3762 Stallb.
595 3687 639 3752 ad
661 3686 734 3754 Plat
755 3687 841 3753 Men.
869 3709 902 3776 p.
939 3688 981 3753 82
1003 3687 1042 3752 Β.
1099 3687 1251 3776 Longum

124 3815 172 3873 est
193 3806 338 3872 diversas
360 3805 505 3893 proferre
528 3806 716 3887 sententias,
745 3805 885 3870 sufficiat
912 3804 1033 3870 dixisse
1058 3805 1126 3871 sine
1148 3805 1251 3872 dubio

124 3935 211 3992 recte
233 3925 381 3991 1111111116
403 3923 638 4006 Hermannum,
661 3942 761 4008 quum
784 3921 871 3988 dieat
892 3943 947 3988 eos
968 3922 1024 4008 qui
1053 3923 1251 4008 interrogent

122 4053 157 4112 ut
184 4044 246 4110 hoc
274 4042 345 4110 loco
379 4042 560 4127 interrogat
590 4040 653 4106 Iris
679 4062 744 4106 non
774 4062 814 4105 ea
842 4041 968 4105 ratione
988 4041 1188 4128 interrogare
1208 4050 1251 4134 ,ut

123 4163 222 4230 nescii
243 4163 306 4227 sint
326 4168 434 4228 unum
457 4160 498 4225 sit
519 4158 643 4246 aliquid
664 4180 784 4243 neone,
803 4157 860 4224 sed
882 4159 930 4224 ita
950 4160 1074 4246 potius,
1096 4167 1133 4224 ut
1227 4158 1237 4175 '

123 4283 217 4349 ficent
249 4267 378 4369 opinari
403 4297 438 4345 se
468 4275 549 4354 illud
571 4276 614 4343 de
630 4299 698 4365 quo
714 4279 942 4366 ·interrogant;
968 4278 1017 4342 ita'
1034 4287 1070 4344 ut
1090 4297 1125 4342 nc
