2874 4910
681 354 700 416 9

122 531 240 598 lubitu«
260 531 408 618 pesitum·
430 533 473 597 sit
504 532 620 596 utrum·
640 531 782 618 singulis
794 532 883 599 loeis
911 531 969 599 ubi
990 536 1051 615 μέν
1072 533 1251 601 solitarium

0 672 4 699 1
26 687 31 708 ι
121 657 244 732 exstat,
265 648 466 716 enuntiatum
488 648 686 736 respondens
705 652 767 736 per
789 649 980 736 particulam
1003 649 1041 716 δέ
1061 651 1158 716 faeile
1177 675 1252 740 sup·

0 792 4 820 r
26 819 29 826 .
120 767 206 855 pleri
227 787 322 854 posse
347 767 519 846 existimet,
541 788 653 860 nenne,
674 765 720 830 id2
733 766 819 852 qued
841 770 876 831 in
897 767 1056 854 exemplis
1076 769 1250 836 homerieis

10 886 28 946 i.
124 880 237 950 denuit
257 883 479 950 Baiumlein'ius
501 885 602 969 (Part
619 907 651 970 p.
665 885 749 970 160).
794 884 1009 971 Quae-quum
1030 887 1076 950 ita
1098 888 1161 952 sint
1180 899 1250 952 rem

2 1025 19 1063 ;
121 1001 239 1066 melius
257 1021 326 1066 esse
339 1021 562 1088 processuram
580 1004 716 1089 speravi,
739 1004 776 1086 si,
799 1003 982 1087 Hartungio
999 1002 1081 1068 duee
1096 1004 1198 1088 (Part.
1206 1003 1250 1081 ΙΙ,

119 1119 186 1184 411
202 1119 288 1206 sqq.)
309 1117 397 1184 leeos
419 1120 622 1206 sejungerem
644 1118 820 1205 proverbi
842 1121 966 1184 ratione
990 1120 1075 1206 quod
1098 1141 1157 1208 per
1178 1139 1250 1208 par·

120 1237 256 1302 tinulam
277 1239 339 1316 μέν
360 1237 552 1302 affirmativa
570 1235 808 1322 significatione
830 1237 1065 1303 corroboratur.
1194 1289 1198 1292 -

211 1354 336 1439 Atque,
362 1362 400 1418 ut
427 1353 505 1418 inde
528 1351 698 1437 exordiar,
727 1357 788 1436 μέν
809 1353 987 1438 solitarium
1010 1355 1098 1442 quod
1121 1355 1249 1441 dieitur,

1 1500 11 1532 .ΓΔ
122 1472 267 1558 primum
288 1469 420 1558 ponitur
440 1479 514 1557 post
534 1472 725 1558 pronomina
741 1471 922 1558 personalia
937 1480 971 1536 et
988 1470 1249 1552 demonstrativa,

1 1624 7 1639 ·
123 1609 189 1674 qua
209 1590 244 1652 in
266 1585 397 1652 dicendi
418 1589 543 1654 ratione
566 1590 725 1675 imprimis
755 1590 832 1654 setis
859 1589 952 1655 multi
981 1599 1059 1689 sunt·
1085 1589 1164 1672 loni,
1193 1591 1250 1656 ubi

1 1747 5 1770 2
122 1701 161 1766 in
177 1704 393 1790 jurisjurandi
415 1705 525 1792 eliqua
535 1705 674 1770 formula
696 1707 756 1786 ptr
779 1727 852 1770 eum
863 1707 987 1792 primae
1009 1729 1165 1793 personae
1179 1731 1251 1795 pro-

1 1855 3 1874 r
122 1822 255 1887 nomine
275 1823 491 1909 coniungitur.
535 1821 706 1909 Ejusmodi
728 1823 883 1889 formulae
898 1825 986 1911 apud
1003 1825 1249 1911 Aristophanem

121 1940 330 2004 inueniuntur
351 1959 470 2025 genera
493 1939 558 2015 duo
565 1985 581 2024 ,1
606 1961 744 2026 quorum
772 1943 862 2027 prius
893 1949 1017 2006 constat
1047 1965 1090 2006 ex
1111 1943 1249 2009 formula

123 2057 171 2139 pel
192 2059 248 2121 τὸν
265 2055 414 2122 Ἀπόλλω
432 2056 497 2135 ’γὼ
510 2058 570 2139 ps'v
592 2057 641 2133 ori,
652 2089 653 2094 ¹
665 2058 801 2124 alterum
815 2057 952 2125 formula
973 2062 1019 2141 μὰ
1036 2061 1088 2123 Δί’
1107 2061 1168 2140 ἐγώ
1190 2066 1250 2143 μὲν

123 2173 173 2248 οὓς
204 2175 289 2239 inter
311 2195 390 2260 quas
411 2173 446 2238 id
468 2173 642 2239 intercedit
665 2173 856 2259 discrimen,
886 2177 974 2262 quod
997 2201 1070 2243 eum
1093 2180 1249 2265 Apollinis

122 2293 253 2357 nemine
275 2291 422 2356 omnibus
450 2290 529 2356 loeis
559 2291 712 2357 articulus
737 2299 786 2356 est
817 2295 1024 2380 conjunctus,
1057 2297 1080 2361 J
1082 2298 1150 2362 ovis
1171 2320 1249 2364 vero

123 2424 240 2474 nornen
260 2427 388 2494 semper
407 2409 495 2474 nude
515 2410 656 2495 positum
678 2418 741 2492 est,
777 2411 867 2497 quod
896 2415 1005 2486 neseio
1034 2437 1113 2478 num
1142 2415 1248 2480 hiatus

123 2525 249 2590 vitandi
274 2547 371 2591 eausa
398 2545 526 2613 semper
554 2525 668 2592 feeerit
696 2534 808 2614 podta,
840 2551 939 2616 quum
968 2539 1091 2596 eertum
1121 2535 1249 2598 omnino

123 2643 213 2730 apud
225 2641 474 2730 Aristophanem
496 2645 623 2709 intersit
647 2644 820 2710 discrimen
843 2648 928 2711 inter
950 2648 1109 2733 ejusmodi
1132 2649 1249 2714 formu-

123 2762 173 2827 las
192 2760 305 2826 addito
328 2763 523 2826 artemiae
544 2761 682 2827 articulo
703 2770 883 2848 usurpatas,
906 2773 939 2828 et
961 2763 1092 2850 quidem
1114 2764 1191 2846 hoe,
1213 2775 1251 2830 ut

122 2901 151 2941 e.
175 2899 206 2962 g.
228 2881 274 2961 pol
297 2888 352 2942 tun
372 2881 436 2942 Ara
457 2880 580 2966 majore
609 2901 683 2944 eum
704 2881 738 2945 vi
761 2879 882 2946 dietum
905 2881 961 2964 sit,
990 2902 1087 2967 quam
1108 2882 1247 2966 simplex

120 2993 169 3074 rud
191 2993 270 3070 Δία,
301 2991 348 3061 ita
377 3005 422 3061 ut*
445 2997 661 3084 respondeant
689 3013 786 3061 voees
809 2997 1090 3063 fere-nostratium
1112 2999 1247 3066 vocibus

123 3131 208 3199 qnae
233 3122 315 3178 sunt·
338 3115 410 3194 „bei
435 3115 532 3181 Getr‘
563 3123 595 3180 et
624 3116 727 3195 „bam
756 3135 891 3197 pressea
913 3123 1019 3182 (101111.
1062 3118 1168 3184 Locos
1190 3119 1246 3185 ubi

120 3231 241 3316 legitur
265 3229 312 3312 pol
339 3233 395 3294 τὸν
418 3229 565 3295 Ἀπόλλω
597 3233 651 3310 ’roi
680 3235 741 3313 μὲν
774 3233 813 3295 οὔ
844 3255 955 3298 omnes
983 3235 1047 3320 jam
1079 3236 1186 3306 attulit
1206 3236 1247 3302 A.

120 3346 295 3413 Muellerus
323 3347 367 3412 ad
389 3348 468 3414 Aah.
488 3350 540 3414 59.
586 3349 669 3415 Sunt
697 3351 893 3435 (seeundum
927 3351 1099 3416 editionem
1129 3354 1249 3418 Meine-

119 3461 261 3546 kianam
282 3486 378 3550 quam
392 3466 427 3530 in
441 3465 613 3531 afferendis
627 3466 706 3532 locis
725 3468 857 3553 sequor)
877 3467 975 3532 Aah:
997 3470 1137 3533 59101.
1171 3471 1248 3558 Eq.:

122 3581 281 3648 141041.
314 3581 409 3648 urb.
425 3583 497 3650 732.
540 3584 616 3649 Pae.
633 3587 693 3651 16.
725 3583 789 3648 Au.
805 3585 879 3649 263.
897 3583 961 3651 439
982 3589 1028 3665 μοὶ
1045 3587 1094 3647 Δί’
1112 3585 1174 3664 ἐγώ
1187 3591 1248 3667 μὲν

120 3697 301 3784 adlegitur
322 3701 384 3765 Ar.
408 3699 508 3767 1497.Ι
548 3701 626 3787 Lys.
648 3701 721 3766 873.
765 3700 855 3766 Eoel.
878 3701 952 3768 553.
993 3702 1167 3788 Pheres,
1191 3705 1247 3772 ubi

119 3816 154 3882 in
177 3816 292 3882 eodem
311 3837 408 3884 versu
428 3827 601 3905 utrumque
620 3817 721 3884 habes
743 3817 850 3902 deum,
872 3818 915 3885 ib.
929 3819 1005 3902 444,
1027 3819 1101 3884 971.
1143 3821 1247 3888 Porro

120 3935 217 3998 etiam
230 3933 303 3998 lme
325 3933 501 4000 trahendus
524 3943 572 4001 est
593 3933 657 4000 Av.
680 3935 741 4002 801
773 3935 831 4001 ubi
860 3959 932 4001 cum
955 3936 1165 4022 jurisjurandi
1186 3940 1247 4035 for·

120 4049 211 4115 mula
238 4053 342 4138 majus
375 4053 539 4139 quoddam
574 4053 774 4130 enuntiatum
805 4054 1009 4140 conjunctum
1032 4063 1089 4119 est.
1133 4056 1268 4144 Nem

120 4189 180 4234 usu
204 4167 247 4234 ab
269 4168 319 4234 his
340 4169 419 4248 loeis
435 4169 593 4236 ‘differunt
618 4172 674 4256 qui
696 4178 865 4256 praeterea
895 4194 1071 4259 pronomen
1091 4173 1154 4250 syn

120 4285 218 4350 rieule
249 4289 310 4367 μέν
346 4287 589 4354 corroboratum
622 4287 794 4354 ostendunt
827 4289 907 4353 Aah.
945 4289 1018 4353 706.
1053 4290 1138 4354 Nub.
