2874 4910
744 352 786 418 84

202 551 378 628 augentur,
406 543 490 620 sicnt
511 563 539 604 e.
561 561 593 623 g.
624 537 692 600 stra
722 533 802 620 δήτα
835 531 918 597 Ach.
953 529 1025 594 126.
1053 527 1127 594 917.
1158 526 1222 592 Av.
1251 527 1334 590 911.

202 660 298 726 1217.
317 661 394 745 Lys.
418 657 492 724 914.
514 655 580 722 985
602 655 663 718 υῦυ
685 651 765 738 δῆτα
788 651 829 718 ab
852 647 1069 734 Aristophane
1091 643 1234 710 alienum
1256 663 1334 730 csse

200 779 342 861 videtur,
375 796 569 863 quamquam
598 783 687 838 recte
716 779 826 836 contra
853 766 1044 832 Dobraeum
1071 762 1203 863 videtur
1223 761 1333 826 Frita-

200 897 306 964 schius
328 895 459 976 fecisse,
486 898 659 977 negantem
682 889 765 957 hano
780 885 911 952 dicendi
925 885 1081 950 rationem'
1103 882 1233 948 omnino
1258 899 1333 944 esse

199 1035 359 1100 graecam.
383 1011 514 1076 Thesm.
537 1012 623 1074 enim
665 1031 696 1073 v.
725 1006 791 1072 934
820 1013 907 1070 reste
928 1001 1125 1070 Fritzschius
1155 1009 1188 1064 et
1204 999 1332 1064 Meina-

199 1129 274 1194 kius
295 1130 355 1190 υῦυ
377 1124 418 1210 δή
438 1148 473 1204 rs
494 1125 546 1210 [de
569 1146 633 1211 quo
654 1146 684 1188 v.
694 1123 779 1190 Rois.
803 1119 897 1205 (ionj.
911 1118 938 1183 Ι.
952 1118 1026 1202 230)
1050 1115 1218 1201 scripsisse
1242 1111 1329 1178 mihi

198 1245 359 1312 videntur.

608 1452 916 1464 ,m

286 1698 362 1763 Jam
384 1697 418 1760 in
440 1695 503 1764 fine
526 1694 621 1784 hujus
642 1692 767 1780 capitis,
790 1713 886 1778 quum
911 1689 1040 1774 δήποτε,
1054 1697 1086 1754 et
1108 1686 1213 1772 δήδευ
1234 1687 1328 1774 apud

198 1815 447 1904 Aristophanem
482 1836 547 1879 non
581 1811 729 1897 legantur
759 1847 801 1858 —-
831 1810 865 1876 in
898 1809 1093 1877 comicorum
1132 1805 1328 1890 fragmentis
1414 1799 1415 1816 ¹

199 1932 303 2020 δῆθεν
325 1932 448 2019 pariter
469 1940 566 2018 atque
587 1931 621 1994 in
643 1927 860 2016 Aristophane
881 1948 945 1992 non
968 1935 1087 2008 exstat,
1119 1921 1237 2010 δήποτε
1258 1944 1327 1991 uno
1415 1979 1416 1992 .

197 2051 340 2118 Platonis
366 2051 438 2116 loco
467 2051 532 2138 (ap.
564 2049 662 2113 Mein.
687 2047 777 2114 Com.
802 2045 916 2111 Graec.
945 2044 988 2110 Il.
1020 2043 1102 2132 654)
1128 2043 1247 2130 legitur
1271 2079 1329 2126 -,

197 2169 280 2234 Ach.
303 2170 387 2234 enim
410 2190 441 2231 v.
464 2166 530 2232 405
563 2175 651 2231 recte
681 2187 724 2229 ex
753 2166 834 2232 Rev.
865 2165 953 2248 εἴπερ
985 2163 1116 2259 πώποτε
1145 2185 1204 2250 pro
1231 2164 1326 2246 εἴπερ

196 2286 316 2373 δήποτε
337 2287 520 2350 restitutum
541 2291 597 2365 est,
619 2283 660 2347 de
681 2282 816 2347 vocibus
838 2279 944 2365 δήπου
970 2288 1002 2346 et
1024 2280 1193 2366 δήπουθεν
1213 2302 1324 2368 pauca

196 2404 348 2474 addenda
370 2412 451 2470 sunt.
476 2403 530 2486 (cf.
555 2401 697 2468 Schafer.
719 2401 762 2466 ad
785 2401 921 2482 Theoor.
956 2401 1059 2468 1.-68.
1087 2401 1171 2466 Rois.
1195 2400 1326 2466 Oomm.

198 2525 233 2588 in
256 2521 340 2588 Oed.
365 2520 435 2588 Col.
460 2520 534 2586 110.
558 2518 671 2588 Stallh.
694 2519 738 2584 ad
759 2519 896 2607 Apolog.
919 2519 1008 2585 Socr.
1031 2542 1062 2605 p.
1085 2519 1152 2602 23).

284 2638 381 2721 Quod
405 2638 447 2704 ad
470 2619 736 2725 significationem
766 2635 871 2722 δήπου
899 2636 986 2702 idem
1007 2636 1095 2702 valet
1115 2658 1153 2701 ac
1171 2634 1229 2720 δή,
1261 2637 1325 2700 sci-

196 2756 273 2824 licet
294 2760 520 2841 „manifestom
543 2779 608 2824 csse
631 2758 775 2839 aliquam
796 2760 882 2822 rem“
912 2757 959 2820 ita
989 2763 1111 2832 tamen,
1143 2765 1187 2821 ut·
1210 2752 1327 2820 addita

201 2875 363 2964 particula
377 2898 468 2966 ¹quae
490 2884 538 2942 est
564 2874 645 2958 πού,
674 2896 742 2938 rem
766 2895 808 2940 ex
831 2873 990 2940 sententia
1010 2872 1141 2959 quidem
1158 2871 1324 2959 loquentis

196 2993 398 3059 manifestam
421 3013 489 3062 esse
512 2992 740 3076 declararetur,
763 3014 806 3058 ex
827 2977 985 3058 sententia
1001 3014 1079 3059 vero
1101 2991 1237 3070 aliorum
1260 2994 1326 3060 for·

196 3123 281 3182 tasse
313 3115 418 3196 minus
456 3119 577 3176 certam
603 3110 719 3186 videri.
764 3111 855 3176 Haec
884 3112 912 3174 si
942 3121 1105 3195 tenemus,
1136 3135 1196 3198 pro
1229 3114 1326 3180 unius

198 3233 352 3316 cujusque
374 3229 437 3296 loci
449 3230 572 3294 ratione
587 3237 651 3312 vaut
672 3229 775 3313 major
796 3237 853 3294 aut
861 3231 965 3295 minor
988 3231 1050 3296 erit
1063 3229 1240 3317 particulae
1263 3234 1326 3298 vis.

198 3350 253 3416 Sic
276 3371 303 3412 e.-
328 3371 359 3433 g.
382 3346 466 3413 Plut.
489 3347 553 3414 582
575 3345 691 3414 vocula
710 3345 816 3432 δήπου
827 3348 1032 3442 Paupertatis
1055 3348 1186 3435 quidem
1199 3371 1325 3416 exsen-

197 3468 298 3534 tentia
319 3489 389 3532 rem
412 3465 622 3532 certissimam
645 3487 714 3530 esse
748 3466 942 3553 exprimitur
966 3475 1003 3532 ut
1038 3489 1081 3532 ex
1114 3468 1326 3554 sequentibus

199 3592 337 3673 apparet
359 3582 469 3648 verbis
490 3584 571 3646 τοῦτ’
594 3581 655 3667 ήδη
678 3583 828 3668 φανεροῖς
857 3580 1030 3666 δποδείξω,
1053 3606 1150 3671 quam
1172 3585 1262 3651 Ecol.
1294 3611 1327 3652 v.

198 3701 261 3770 327
285 3701 392 3766 virum
413 3698 504 3765 illum
527 3701 582 3786 qui
603 3679 755 3787 loquitur,
778 3702 904 3787 opinari
916 3700 1056 3788 quidem,
1078 3703 1137 3768 sed
1153 3725 1221 3770 non
1234 3714 1325 3772 certo

198 3821 281 3884 scire
315 3841 390 3883 eum
418 3819 474 3904 qui
504 3817 637 3884 advenit
665 3841 733 3884 esse
766 3819 957 3908 Blepyrum,
988 3823 1156 3908 sequentia
1184 3821 1325 3890 doceant

201 3925 309 4002 verba
327 3936 365 4019 υή
388 3935 444 4006 adr
465 3936 520 4020 Δί’,
539 3933 635 4010 aoros
657 3936 721 4022 δήδ
742 3936 871 4019 ἐκεῖνος,
895 3936 1012 4024 quibus
1035 3938 1217 4018 declaratur
1239 3963 1326 4006 nunc

200 4054 346 4149 demum,
376 4056 509 4143 propius
539 4059 714 4126 accedente
736 4054 879 4145 Blepyro
911 4065 1035 4124 certum
1052 4028 1214 4144 judicium
1245 4058 1326 4124 ferri

199 4195 301 4259 posse.
345 4171 470 4272 Horum
489 4174 634 4240 locorum
654 4183 804 4260 respectu
819 4173 936 4250 habito
966 4173 1073 4260 δήπου
1106 4177 1187 4242 verti
1217 4185 1326 4265 potest

29 4363 67 4374 Q
200 4312 258 4376 per
280 4295 337 4370 „at
359 4290 493 4372 opinor‘
518 4291 634 4379 quibus
661 4293 695 4356 in
724 4290 833 4372 verbis
861 4295 982 4377 pariter
1008 4295 1120 4372 inesse¹
1143 4303 1247 4380 potest
1275 4297 1326 4363 vis
