2874 4910
672 289 758 427 aa

116 515 307 582 luculenter
331 513 447 580 docent
470 513 549 579 th.
573 538 603 579 v.
620 515 684 578 319
709 522 740 578 et
762 536 842 602 quos
864 538 892 579 a.
910 513 1154 580 h.l.adnotavit
1176 514 1262 580 locos

121 634 318 716 Muellerus,
340 655 478 721 quocum
502 633 542 698 cf.
567 655 662 720 quem
685 635 829 698 nominat
840 633 926 699 Rois.
942 632 1100 721 Oonjectt.
1117 633 1142 698 I.
1164 657 1195 722 p.
1211 633 1264 702 35.

114 753 201 832 ’Ἁγε
224 735 296 817 cum
313 773 446 817 numero
470 751 595 842 plurali,
617 761 653 816 ut
665 752 813 839 exempla
828 729 956 833 adriam,
979 752 1098 838 legitur
1113 752 1176 817 Av.
1188 751 1263 818 435.

123 872 206 936 656.
236 871 310 936 685.
342 872 424 938 Rau.
458 870 551 935 1125.
583 871 713 935 Thesm.
745 871 809 936 778
845 893 905 935 nec
934 895 998 939 non
1025 880 1057 936 ct
1089 870 1176 960 apud
1207 871 1263 938 So·

123 991 280 1078 phoclem
303 990 421 1055 Trach.
445 1013 474 1054 v.
511 989 604 1073 1255,
628 989 668 1055 de
692 1013 755 1078 quo
779 1012 837 1055 usu
857 992 958 1056 miror
973 993 1111 1056 tacuisse
1134 989 1264 1056 Ellend-

124 1115 213 1178 tium
236 1112 270 1174 in
292 1111 373 1176 Lex.
394 1109 497 1198 'Soph.
521 1109 544 1173 1.
566 1133 598 1198 p.
624 1110 639 1173 1
671 1132 732 1197 sq.

220 1231 355 1294 Restant
376 1227 438 1292 loci
461 1237 612 1314 quattuor
635 1228 752 1315 quibus
774 1250 826 1292 res
848 1226 956 1314 paullo
978 1227 1072 1292 aliter
1093 1249 1126 1290 se
1157 1225 1263 1302 habet,

127 1371 270 1436 quorum
293 1349 401 1434 priore
423 1347 509 1412 Nub.
532 1346 597 1412 478
620 1346 788 1434 praecedit
799 1347 1017 1434 imperativus,
1039 1347 1184 1432 sequitur
1194 1367 1264 1432 per-

128 1489 220 1548 sona,
243 1464 343 1530 altero
366 1466 445 1530 Ran·
469 1488 499 1530 v.
527 1466 610 1531 1125
634 1465 748 1559 eadem
770 1473 905 1552 apparet
936 1485 1051 1529 vocum
1087 1462 1263 1547 collocatio,

129 1587 195 1650 nisi
220 1585 307 1673 quod
329 1607 485 1672 personae
507 1585 577 1651 loco
609 1585 688 1672 legis
723 1587 789 1659 ποῖς
820 1581 914 1669 α’νήρ.
961 1584 1152 1650 Ceterorum
1182 1583 1265 1649 loco·

129 1728 205 1769 rum
228 1703 310 1768 Ach.
334 1704 433 1770 1058:

309 1823 388 1906 φέρε
412 1821 462 1906 δὴ,
485 1821 573 1884 11σύ
601 1819 701 1898 λέγεις
707 1849 719 1900 ,·
742 1819 784 1895 ὥς
807 1818 933 1897 γελοῖον
956 1817 982 1882 ai
1006 1822 1079 1883 θεοί

131 1940 308 2005 incensum
331 1963 395 2005 non
406 1942 503 2022 venit,
527 1929 602 2027 quia
622 1941 808 2027 imperativi
822 1939 892 2007 loco
914 1939 1033 2026 legitur
1054 1938 1264 2021 interrogatio

136 2059 268 2136 directa,
291 2058 386 2123 Pacis
407 2080 484 2124 vero
507 2081 538 2126 v.
562 2057 641 2122 956.-
1159 2143 1163 2150 ,

200 2177 257 2255 ἄγε
281 2175 331 2260 δή,
354 2176 387 2239 τὸ
411 2179 533 2239 κανοῦν
556 2174 667 2257 λαβών
698 2175 734 2240 σύ
758 2179 816 2238 καὶ
837 2177 892 2260 τὴν
914 2178 1045 2258 χέρνιβα
1069 2171 1197 2256 περίιθι.

134 2295 245 2376 λαβὼν
268 2295 305 2359 σύ
327 2303 400 2360 ante
422 2299 476 2356 καὶ
497 2294 688 2382 particulam
710 2304 835 2383 etpost
857 2296 890 2358 τὸ
918 2296 1040 2356 κανοῦν
1069 2291 1257 2358 collocanda

135 2424 227 2482 erant
261 2417 352 2503 quia,
380 2412 447 2478 α’πό
463 2417 572 2477 κοινοῦ
601 2415 716 2501 posita,
737 2423 768 2479 et
789 2413 831 2478 ad
853 2416 887 2476 ao
910 2415 1033 2475 κανοῦν
1057 2421 1088 2476 et
1127 2411 1170 2476 ad
1209 2411 1262 2495 τὴν

136 2536 266 2620 χέρνιβα
295 2531 466 2598 referenda
488 2542 571 2598 sunt.
1155 2505 1157 2513 ,

153 2633 156 2642 ¹
222 2652 285 2718 Sed
309 2662 344 2717 nt
365 2651 408 2716 ad
431 2650 488 2730 ἄγε
513 2650 553 2736 δή
573 2662 734 2734 revertar,
764 2653 796 2715 in
822 2649 980 2736 exemplis
1002 2648 1097 2733 longe
1119 2647 1265 2735 plurimis

137 2772 219 2856 hanc
254 2771 427 2836 dictionem
463 2773 607 2858 sequitur
639 2772 863 2858 imperativus,
896 2777 993 2856 atque
1033 2774 1104 2832 octo
1133 2763 1265 2852 quidem

138 2893 215 2956 locis
237 2893 447 2979 imperativus
470 2895 580 2956 aoristi
595 2890 674 2954 Aah.
698 2913 728 2954 v.
752 2891 804 2973 98,
828 2892 901 2954 111.
925 2863 986 2976 qu.
997 2887 1070 2952 634.
1093 2885 1180 2950 Nub.
1190 2883 1265 2949 478.

140 3009 211 3074 775.
234 3010 311 3074 Pac.
336 3009 408 3075 886.
431 3008 494 3073 Av.
515 3007 591 3073 435.
617 3008 747 3074 Thesm.
760 3007 823 3072 778
846 3008 964 3096 septies
978 3006 1164 3094 praesentis,
1187 3003 1264 3068 Pac.

137 3129 210 3195 431.
235 3129 308 3194 956.
336 3128 428 3193 1115.
451 3127 514 3192 Av.
538 3128 610 3194 656.
636 3128 709 3194 685.
731 3127 923 3195 Raallao.
944 3125 1028 3191 1500
1049 3125 1165 3212 quibus
1188 3123 1266 3188 locis

139 3247 215 3311 addi
238 3256 344 3335 potest
365 3247 439 3332 Lys.
464 3248 548 3314 1100
571 3247 628 3312 ubi
640 3231 699 3332 χρῆ
723 3247 909 3332 imperativi
928 3244 999 3311 loco
1022 3247 1160 3331 positum
1185 3252 1242 3312 est.

224 3367 381 3432 Ceterum
409 3367 443 3430 in
481 3367 667 3453 imperativi
688 3367 859 3453 positione
900 3388 1014 3452 parum
1051 3365 1114 3430 sibi
1142 3345 1266 3428 constat
1310 3345 1312 3350 Ι

142 3483 386 3572 Aristophanes,
412 3509 507 3573 quem
531 3509 593 3551 non
617 3485 715 3551 oredo
740 3493 861 3549 certam
884 3485 946 3550 sibi
970 3484 1010 3548 de
1033 3484 1082 3548 his
1104 3483 1200 3547 rebus
1222 3482 1266 3546 le·

104 3677 108 3682 ,
142 3626 214 3691 gem
237 3605 412 3690 scripsisse.
459 3604 513 3670 Sic
536 3604 618 3669 Ach.
641 3627 672 3668 v.
699 3605 770 3668 111.
793 3603 879 3668 Nub.
901 3602 975 3667 478.
999 3602 1076 3668 Pac.
1088 3601 1162 3664 886.
1186 3599 1266 3664 Rau.

145 3723 224 3788 1125
247 3725 458 3812 imperativus
484 3747 579 3789 voces
606 3723 665 3802 ἄγε
688 3720 729 3806 δή
753 3722 866 3800 θ1ἄγε
889 3720 927 3806 δὴ
951 3719 989 3782 σύ
1026 3721 1157 3807 excipit,
1180 3720 1266 3785 Nub.
1387 3759 1390 3764 ·

142 3866 171 3905 v,
195 3843 268 3907 775.
291 3844 368 3906 Pac.
392 3844 454 3909 431
479 3846 512 3908 in
536 3842 643 3908 medio
666 3845 812 3907 trimetro
834 3842 986 3928 sequitur,
1009 3839 1089 3911 Aah,
1115 3840 1166 3904 98.
1183 3830 1268 3904 Pac.

145 3963 233 4025 1115.
255 3960 333 4048 Lys.
361 3962 452 4026 1100.
475 3963 556 4028 Rau.
582 3961 665 4026 1500
687 3963 719 4024 in
743 3960 805 4025 fine
827 3960 963 4024 trimetri
986 3958 1111 4042 legitur,
1135 3955 1266 4022 Thesm.

141 4104 170 4144 v.
192 4080 255 4145 778
279 4082 312 4143 in
335 4081 426 4144 initio
449 4103 561 4146 versus
580 4081 776 4167 insequentis
798 4081 920 4166 positus
944 4087 999 4160 est,
1023 4075 1082 4140 Av.
1105 4076 1180 4159 435,
1203 4073 1266 4139 656

142 4201 173 4264 in
195 4198 302 4264 medio
328 4200 473 4264 trimetro
507 4200 654 4286 sequenti
684 4198 862 4278 invenitur,
895 4194 995 4283 quid?
1041 4194 1126 4281 quod
1149 4192 1211 4280 Eq.
1234 4215 1266 4258 v.

144 4317 214 4384 634.
238 4317 299 4382 Av.
322 4318 395 4382 685.
419 4320 515 4383 tertio
541 4318 669 4384 demum
692 4296 929 4382 abhinc'versu
951 4314 1123 4380 collocatus
1145 4320 1201 4377 est
