2874 4910
667 309 710 384 49

112 491 254 576 vulgato
277 488 362 552 etto
386 489 448 574 σύ.)
493 490 552 554 Av.
575 489 649 557 916.
673 490 802 554 Thesm.
828 489 879 554 87.
902 489 974 554 214.
997 488 1171 572 trocleae,
1193 488 1250 553 ubi

114 617 199 673 nota
222 609 420 672 enuntiatum
451 607 667 672 conditionale
689 631 749 694 per
774 607 965 694 particulam
989 609 1027 689 ἢν
1061 629 1133 672 cum
1164 617 1252 694 opta·

115 729 189 792 tivo
221 728 453 813 interpositum,
487 725 529 791 ib.
553 724 627 790 358.
650 723 723 790 376.
746 725 819 790 394.
842 725 917 790 551.
942 725 1033 792 1071.
1057 725 1140 791 Plut.
1156 726 1249 789 1111.

116 846 161 912 In
182 844 233 916 his
257 841 414 931 exemplis
437 843 593 926 omnibus,
616 841 702 930 quod
724 843 766 908 ad
787 843 922 909 voculae
945 845 1144 932 positionem,
1167 841 1251 926 e’rcip

119 967 157 1028 in
194 985 306 1028 versus
344 963 435 1027 initio
475 961 594 1046 legitur
630 964 807 1049 praemisso
848 962 970 1048 majore
1011 962 1117 1050 aliquo
1154 965 1251 1027 inter·

118 1083 306 1170 punctionis
328 1081 419 1166 signo
443 1104 541 1169 quum
565 1080 651 1164 alibi,
675 1080 731 1146 ubi
754 1105 816 1146 non
840 1083 874 1144 in
904 1083 1153 1166 interrogatione
1174 1081 1252 1167 legi-

119 1211 177 1268 tur
209 1200 378 1289 particula,
400 1203 547 1288 quamvis
570 1223 658 1282 raro,
686 1202 719 1263 in
750 1201 819 1287 ipso
850 1223 947 1266 versu
974 1201 1165 1265 inveniatur.
1197 1199 1250 1264 Sic

122 1321 212 1386 Nub.
248 1321 309 1384 761
342 1329 415 1408 post
456 1322 584 1384 tertiam
618 1319 777 1384 diaeresin
807 1320 941 1405 legitur,
975 1319 1152 1406 eodemque
1182 1319 1253 1385 loco

123 1440 188 1525 Eq.
214 1441 274 1502 111
300 1460 363 1526 quo
374 1461 472 1503 versu
495 1439 565 1526 ipsa
579 1438 807 1524 pronuntiandi
823 1440 915 1521 ratio,
940 1461 1037 1524 quum
1060 1460 1125 1502 vox
1157 1439 1254 1501 ταῦτα

126 1579 204 1622 cum
226 1559 258 1620 vi
283 1557 482 1644 proferatur,
505 1556 572 1620 fere
596 1556 682 1620 idem
706 1555 807 1620 efficit
827 1567 922 1643 atque
946 1555 1022 1620 alibi
1054 1559 1158 1644 prima
1184 1579 1254 1621 ver-

122 1698 179 1741 sus
200 1675 302 1739 sedes.
346 1674 432 1739 Nub.
464 1673 529 1738 403
561 1675 594 1737 in
629 1682 816 1739 tetrametro
846 1677 1051 1763 anapaestico
1085 1684 1156 1762 post
1190 1677 1253 1762 pri-

124 1817 212 1858 mam
236 1792 394 1858 diaeresin
429 1793 607 1875 invenitur,
643 1815 707 1880 quo
732 1795 773 1859 de
795 1815 891 1859 versu
921 1792 1007 1857 idem
1030 1794 1132 1876 valet,
1167 1793 1253 1880 quod

125 1912 168 1977 de
192 1911 454 1978 antecedentibus
478 1913 696 1998 exposuimus.
741 1911 779 1976 In
802 1911 925 1976 melicis
944 1907 1023 1994 ἀτάρ
1046 1935 1108 1977 non
1126 1911 1252 1997 legitur.

217 2033 297 2098 Cum
320 2031 391 2097 aliis
412 2031 579 2120 particulis
603 2028 686 2113 οἷτιίρ
709 2040 839 2119 praeter
860 2033 896 2108 γέ
919 2041 951 2096 et
973 2029 1059 2113 ὅμως
1083 2033 1170 2119 apud
1187 2032 1254 2097 Ari-

126 2150 313 2239 stophanem
335 2173 399 2215 non
416 2151 630 2234 conjungitur,
653 2160 748 2237 atque
773 2150 891 2237 injuria
904 2151 1067 2216 Devarius
1091 2152 1156 2223 (De
1172 2161 1254 2238 part

125 2294 158 2357 p.
185 2272 260 2354 43),
292 2292 388 2357 quem
421 2280 549 2334 secutus
582 2279 630 2333 est
653 2269 798 2335 Klotzius
830 2269 886 2354 (ad
908 2270 1029 2334 Devar.
1053 2270 1094 2335 ΙΙ.
1118 2293 1150 2357 p.
1176 2271 1252 2353 197)

126 2385 209 2472 α’τάρ
228 2425 270 2437 —
288 2391 353 2472 γάρ
377 2387 441 2473 legi
458 2387 620 2456 ‘Ach.513
642 2388 711 2452 vult
720 2389 939 2453 demonstrare
978 2389 1028 2454 Eo
1051 2391 1136 2453 enim
1158 2410 1255 2454 versu

125 2505 188 2587 γάρ
212 2530 276 2572 non
307 2510 448 2595 pertinet
477 2506 520 2572 ad
555 2504 637 2589 α’τοὶρ
672 2509 728 2572 sed
757 2507 800 2573 ad
829 2509 930 2573 verba
964 2531 1047 2596 quae
1076 2519 1255 2595 sequuntur

127 2625 218 2711 <pilos
240 2625 302 2708 yde
326 2624 356 2689 οἳ
377 2626 534 2709 reciperare
567 2627 603 2690 ἐν
626 2625 710 2712 λόγῳ
733 2625 799 2702 κτὲ,
831 2629 876 2691 ita
906 2635 941 2691 ut
974 2629 1077 2692 oratio
1099 2628 1255 2716 procedat

127 2742 210 2829 α’τοίρ
236 2785 280 2794 -
301 2769 328 2809 τι
351 2749 452 2809 ταῦτα
482 2744 541 2812 ari.
587 2745 633 2811 Ut
668 2748 752 2809 enim
772 2745 853 2810 Ach.
879 2745 941 2810 175
973 2748 1074 2812 oratio
1108 2745 1255 2834 procedit

127 2860 214 2927 etto
237 2862 502 2950 χαῖρ’Ἅμψίθεε,
527 2864 629 2930 verba
651 2875 758 2929 autem
780 2862 815 2927 la
828 2863 1077 2947 Λακεδαίμονος
1087 2861 1138 2928 κτὲ
1160 2867 1255 2931 inter-

127 2984 211 3070 jecta
234 2992 315 3065 sunt,
338 2991 374 3048 ut
397 2986 442 3048 eis
465 2986 520 3071 qui
543 2984 678 3050 audiunt
701 3006 830 3080 causam
854 2983 1019 3049 declarent
1041 3007 1098 3050 cur
1121 2982 1257 3070 Amphi·

127 3101 238 3166 theum
261 3101 385 3166 salvere
403 3101 520 3187 jubeat
541 3102 746 3190 Dicaepolis,
777 3104 823 3167 sic
845 3102 927 3168 Ach.
956 3103 1020 3168 513
1053 3126 1114 3191 per
1141 3125 1255 3168 vocem

126 3220 190 3303 γάρ
214 3222 289 3284 satis
312 3219 476 3306 eleganter
497 3224 625 3286 veniam
648 3225 729 3308 petit
750 3228 861 3308 polita,
886 3221 972 3309 quod
995 3225 1028 3287 in
1051 3231 1140 3288 tanto
1167 3231 1256 3288 motu

130 3340 256 3427 populi,
285 3341 339 3428 qui
362 3364 481 3428 pronus
505 3352 574 3406 erat
598 3365 635 3407 eo
659 3351 805 3429 tempore
837 3341 877 3405 ad
908 3341 1027 3406 bellum
1061 3365 1133 3407 cum
1156 3343 1256 3406 Lace·
1342 3368 1343 3371 ¹

129 3457 315 3542 daemoniis,
338 3483 397 3547 pro
420 3483 500 3547 pace
525 3460 633 3526 dicere
657 3484 752 3526 ausus
782 3464 832 3526 sit.
866 3459 962 3524 Adde
986 3458 1071 3547 quod
1102 3459 1162 3525 hoc
1193 3482 1256 3524 uno

128 3578 199 3644 loco
223 3588 418 3666 spectatores
441 3602 460 3644 a
483 3578 633 3665 loquente
658 3577 747 3663 φίλοι
779 3587 1022 3665 nuncupantur,
1055 3576 1140 3665 quod
1170 3587 1256 3642 certe

129 3721 193 3763 non
216 3699 284 3763 sine
308 3721 405 3764 causa
427 3699 504 3763 fecit
526 3708 631 3786 poeta.

217 3819 416 3906 Oonjunctae
430 3820 528 3904 igitur
540 3821 572 3882 in
597 3842 660 3883 uno
679 3841 773 3883 versu
789 3817 938 3903 leguntur
946 3817 1123 3904 particulae
1136 3814 1217 3903 ἀτάρ
1227 3827 1258 3882 et

129 3937 164 4014 γέ
174 3935 214 4000 de
227 3939 343 4023 quibus
355 3938 465 4002 Elmsl.
476 3937 516 4002 ad
526 3937 675 4002 achazas
685 3938 764 4001 haec
773 3937 876 4001 affert:
888 3938 1081 4018 Plerumque
1089 3943 1164 4019 peel
1176 3935 1258 4020 α’τοὶρ

129 4056 348 4121 artualtereoe
358 4078 432 4122 occe
444 4058 635 4138 interposite
646 4058 831 4138 sequerere
841 4057 906 4120 uisi
917 4060 1049 4137 imperet
1059 4059 1258 4121 auliaterro-

128 4180 179 4255 pet
190 4175 319 4240 uerbum
329 4177 381 4241 cai
387 4179 611 4258 praemetitur
622 4198 659 4241 ec
667 4176 844 4257 particule.
859 4173 965 4262 Atque
974 4179 1049 4242 utin
1060 4174 1206 4241 omnibus
1215 4183 1260 4238 ta·

132 4291 215 4359 libus
227 4294 555 4383 particularum‚quas
567 4295 678 4360 dicunt
690 4319 781 4360 sensu
794 4294 917 4379 latiore,
927 4292 1205 4383 conjunctionibus
1215 4295 1260 4360 ita

1012 4416 1034 4479 4
