2874 4910
720 321 741 385 8

165 497 226 580 μέν
246 497 343 562 etiem
371 521 430 586 per
457 519 491 564 se
513 501 590 587 poni
611 521 704 586 posse
727 498 815 566 nullu
843 509 996 586 sequente
1030 501 1195 588 particula
1234 523 1349 590 quae

165 613 367 701 respoudeat.
411 613 517 702 Atque
542 615 665 681 dehac
689 615 800 682 revel
823 618 965 700 maxime
989 618 1240 686 dubitaverunt
1274 617 1347 682 ho-

70 739 81 760 ·
164 733 267 797 mines
288 731 389 815 docti,
418 754 517 818 quum
546 733 618 817 elii,
649 734 873 800 Hermeunum
901 737 1004 800 secuti
1031 737 1084 820 (cf.
1109 737 1241 802 Herm.
1285 735 1345 800 ad

163 848 274 934 Vigcr.
294 872 326 936 p.
348 850 412 916 839
435 850 486 917 ed.
509 850 589 936 IV),
622 851 780 935 dicerent,
795 819 861 934 'ptr
882 853 940 919 ubi
968 852 1094 919 dicetur
1116 853 1345 920 solitarium

164 976 219 1032 aut
247 966 489 1052 intelligendum
521 990 590 1033 esse
619 967 657 1030 δέ
686 977 742 1034 aut
772 969 876 1033 omitti
905 968 993 1034 illam
1022 979 1148 1056 partem
1177 973 1342 1038 oratio-

72 1055 79 1070 .
162 1083 222 1165 nis,
244 1106 340 1170 quem
361 1086 550 1150 sententiam
573 1086 752 1150 Hermanni
773 1086 886 1171 regule
909 1082 1133 1174 complectitur
1142 1089 1337 1154 Bremius

163 1200 221 1284 (sd
242 1200 316 1286 Lye.
340 1200 414 1267 edv.
437 1201 598 1268 Eratosth.
628 1198 660 1291 ξ.
683 1199 718 1288 5)
748 1201 826 1268 hec:
848 1199 971 1284 „Herm
999 1225 1077 1270 roro
1094 1207 1240 1287 ponitur
1276 1207 1331 1270 im

162 1338 226 1383 mm
249 1318 406 1385 orationis
427 1320 564 1386 membro
585 1321 647 1402 μέν
669 1321 722 1385 out
734 1340 799 1416 mou
825 1321 996 1402 respondet
1019 1319 1065 1400 ᾅέ.
1109 1321 1196 1400 Duo,
1223 1321 1329 1404 qui-

163 1435 221 1500 bus
242 1435 300 1500 hoo
319 1437 375 1516 fit,
403 1457 522 1518 peoora
555 1437 706 1502 constitui
731 1443 884 1517 possunt.
930 1437 1078 1502 Alterum
1100 1446 1162 1518 est,
1192 1461 1320 1522 queem

161 1553 343 1632 membrum,
367 1553 453 1635 quod
461 1574 526 1634 per
548 1552 585 1616 δέ
604 1554 836 1619 adnectendum
854 1555 930 1636 luit,
951 1556 1050 1637 focile
1076 1556 1318 1638 supplendum

162 1671 329 1735 omittetur
350 1672 409 1752 (of.
431 1671 564 1753 Heiudfi
588 1671 735 1754 odPlot
757 1671 881 1736 Phuod.
902 1676 926 1752 §
945 1677 971 1739 2
993 1673 1145 1755 udSoplr.
1166 1678 1194 1753 5
1215 1680 1303 1750 12),

162 1789 314 1870 ultorum,
336 1809 434 1872 quum
463 1809 525 1870 per
557 1790 656 1856 leuem
678 1789 916 1856 uuoeoluthiom
937 1791 1129 1872 membrum,
1146 1797 1221 1874 'por
1248 1791 1306 1855 δέ

163 1905 401 1987 adnectendum,
419 1906 604 1988 elleformo
616 1907 789 1973 oddotmr‘.
835 1907 945 1992 Recte,
969 1916 1003 1973 ut
1017 1908 1212 1992 videbimus,
1233 1909 1301 1974 sed

162 2021 350 2088 addendum
372 2032 441 2089 erat
461 2025 602 2108 tertium,
622 2019 684 2107 pir
704 2025 895 2111 perticulam
916 2025 1079 2092 interdum
1100 2026 1297 2092 611111110Ιί-

161 2121 278 2208 terium
298 2141 382 2226 legi,
408 2141 466 2207 uhi
487 2163 593 2228 neque
615 2140 653 2203 δέ
674 2143 904 2228 supplendum,
923 2165 1050 2230 ¹neque
1062 2164 1122 2231 per
1140 2144 1294 2214 eruemu—

161 2259 262 2325 thism
282 2259 392 2345 pergit
412 2259 524 2341 cretio,
545 2257 604 2322 sed
633 2258 693 2340 itu,
725 2266 761 2324 ut
781 2259 825 2324 ed
853 2281 953 2325 unum
974 2260 1113 2327 verbum
1140 2261 1290 2326 corrobe

161 2375 299 2442 rendum
332 2384 471 2462 ponetur
501 2373 667 2462 particule
722 2376 828 2462 Atque
861 2376 944 2442 huuc
973 2377 1132 2442 ustionem
1158 2380 1290 2448 tertium

162 2494 281 2581 optime
310 2492 460 2579 exposuit
481 2490 702 2557 Schh'mennus
729 2490 773 2555 ad
797 2491 929 2558 Jseeum
953 2515 982 2578 p.
1011 2493 1072 2557 177
1097 2495 1187 2580 cujus
1209 2494 1291 2561 haee

162 2619 236 2678 sunt
257 2610 378 2698 rerba:
399 2608 595 2694 „Scilicethe'
612 2609 878 2693 Hoogeveenium
906 2609 985 2673 dicit
1006 2618 1039 2674 et
1066 2611 1290 2678 Hermennum

160 2728 335 2813 propriam
367 2735 397 2796 et
412 2729 619 2811 primitivam
650 2728 741 2794 illiue
766 2727 953 2810 porticulus
982 2728 1048 2793 eim
1077 2732 1289 2796 concessorem

163 2853 324 2928 motuum,
357 2867 439 2930 quoe
459 2845 654 2929 βεβαιωτική
676 2847 786 2926 porros
808 2846 951 2924 videtur,
975 2851 1070 2928 utque
1091 2845 1175 2912 heroe
1195 2849 1287 2930 ufflr⁴

163 2966 275 3030 moedi
296 2965 362 3028 uim
383 2983 480 3044 quum
507 2962 601 3044 opud
621 2961 798 3026 Homerum
821 2961 876 3044 (ef.
898 2961 1023 3027 Btuml
1045 2962 1134 3028 Part.
1155 2985 1186 3051 p.
1210 2963 1287 3052 160)

163 3090 194 3148 et
214 3081 414 3146 Herodotum
448 3077 503 3165 (cf.
535 3078 615 3144 ibid„
645 3077 900 3166 1116211111)
932 3098 997 3144 mou
1030 3087 1198 3164 opuoecut,
1230 3103 1288 3147 cur

165 3199 257 3282 epod
265 3199 393 3264 Atticos
396 3198 498 3280 plone
515 3195 761 3279 depemrooorit,
780 3215 880 3260 coma
890 3196 987 3260 mollo<
999 3198 1285 3282 potesttuoem‘ri“.

250 3317 365 3403 Neque
385 3335 463 3380 vero
487 3314 696 3400 degeneravit
725 3313 813 3400 apud
834 3314 964 3380 Atticos.
1008 3313 1056 3380 Ut
1084 3315 1171 3380 enim
1199 3315 1287 3402 apud
1321 3338 1325 3343 ·

162 3436 360 3518 Homerum,
381 3429 601 3515 Herodotum,
623 3429 803 3496 Pindarum
824 3430 934 3516 (Pyth.
957 3430 1008 3496 VI
1027 3430 1101 3514 43),
1122 3432 1171 3498 ite
1191 3433 1287 3498 etiem

162 3553 249 3642 apud
263 3551 457 3638 Aeschylum
479 3549 536 3636 (cf.
551 3547 678 3614 Beuml.
700 3571 731 3634 p.
755 3547 842 3636 161),
864 3545 1053 3634 Sophoclem
1075 3546 1131 3630 (ef,
1147 3547 1287 3613 Ellendt

162 3671 245 3736 Lex.
268 3668 365 3756 Soph.
386 3691 419 3733 v.
441 3669 525 3750 μέν),
546 3667 714 3732 Platonem
735 3665 790 3748 [ol.
809 3664 892 3731 Astii
912 3665 994 3730 Lex.
1010 3663 1137 3730 PlatIl
1159 3687 1190 3751 p.
1206 3665 1286 3748 302)

161 3789 223 3871 μέν
243 3785 420 3852 solitarium
442 3783 476 3850 vi
503 3805 592 3848 mere
621 3783 812 3854 affirmative
841 3782 975 3868 legitur,
994 3803 1100 3868 neque
1123 3780 1213 3846 deest
1233 3781 1286 3846 hic

163 3923 240 3971 usus
261 3902 350 3990 apud
372 3901 616 3984 Aristophanem
638 3901 680 3966 de
705 3901 797 3987 eujus
820 3900 949 3966 dicendi
979 3901 1103 3974 ratione
1132 3921 1217 3964 nune
1239 3907 1286 3964 est

163 4021 345 4090 cucurutius
374 4019 603 4108 quaerendum.
649 4019 722 4084 Huc
753 4019 891 4084 veroin
922 4038 958 4083 re
980 4018 1080 4084 setius
1111 4015 1193 4082 duxi
1223 4039 1286 4083 non

164 4161 235 4204 cem
261 4137 390 4224 ingredi
420 4139 591 4220 rationem,
623 4145 662 4203 ut
680 4137 744 4202 tria
765 4135 837 4221 ille,
871 4135 1051 4222 dequibus
1081 4156 1180 4232 supra
1209 4133 1287 4216 dixi,

165 4256 293 4324 dicendi
314 4277 453 4343 genera,
484 4276 621 4342 sequar,
647 4277 744 4341 quum
770 4255 859 4340 justo
880 4252 952 4341 plue
983 4256 1017 4318 in
1038 4251 1288 4337 uniuscujusque
