2874 4910
750 375 794 443 50

199 557 295 623 etiam
314 556 349 622 in
365 557 427 625 hac
447 580 509 624 una
528 579 673 646 quaeque
690 557 849 646 particula
867 581 957 625 suam
980 560 1099 625 retinet
1116 561 1194 641 vim,
1220 562 1268 626 ita
1288 569 1344 626 ut-

197 675 282 764 dsa'p
305 679 538 766 oppositionem
575 677 711 760 inferat,
740 679 777 756 γέ
804 686 911 743 autem
941 677 1101 766 particula
1131 678 1258 744 illatam
1291 679 1344 744 nf-
1420 709 1421 762 q

196 795 303 862 firmet
324 796 377 882 (ef.
400 795 506 862 Klotz.
529 795 572 861 ad
593 796 714 862 Devar.
746 795 788 861 11.
827 795 915 880 197).
960 795 1041 862 Loci
1064 795 1234 862 suntAch.
1258 797 1341 862 448.

201 915 274 982 782.
309 915 407 1004 Vesp.
435 914 507 981 147.
541 915 611 980 150.
645 915 739 979 1141.
773 914 868 981 1514.
902 911 966 981 Av.
998 915 1071 980 144.
1104 915 1234 983 Thesm.
1259 915 1340 979 207.
1420 913 1421 950 l

203 1033 285 1100 Plut.
318 1033 398 1118 572,
427 1033 544 1122 quibus
570 1035 604 1100 in
634 1033 713 1100 loeis
743 1033 785 1099 de
816 1054 932 1101 vocum
964 1035 1123 1122 positione
1154 1033 1341 1100 notandum

196 1154 231 1219 in
252 1153 406 1219 trimetris
435 1161 571 1242 excepto
610 1151 701 1241 Vesp.
734 1152 794 1217 147
800 1202 809 1235 ‚
839 1152 880 1218 de
914 1153 1006 1239 cujus
1035 1151 1173 1218 lectione
1209 1152 1339 1233 dubito,

196 1293 322 1361 semper
344 1295 441 1338 unam
463 1293 576 1337 vocem
598 1272 687 1337 inter
709 1270 884 1359 particulas
907 1270 977 1335 illas
999 1272 1221 1358 interpositam
1252 1294 1337 1355 esse,
1420 1299 1421 1330 l

194 1401 250 1460 aut
272 1391 353 1458 (luas
382 1413 478 1458 voees
510 1413 593 1479 quae
618 1414 715 1479 quam
739 1391 919 1456 arctissime
942 1375 1116 1456 cohaerent
1139 1401 1177 1455 ut
1198 1391 1339 1457 Thesm.

196 1510 259 1576 207
272 1508 425 1576 articulus
443 1532 516 1576 cum
534 1509 745 1576 substantivo.
768 1508 883 1577 Paullo
898 1508 992 1574 aliter
1006 1509 1089 1574 Plut
1101 1509 1166 1575 572
1186 1511 1220 1574 in
1229 1520 1339 1577 metro
1420 1497 1421 1530 ¹

199 1633 404 1718 anapaestico
415 1628 499 1697 duae
511 1651 609 1696 voees
627 1627 696 1710 οὐχ’
709 1623 801 1714 ἧαταν
816 1631 1072 1718 interponuntur,
1091 1628 1257 1695 sedetiam
1275 1629 1338 1696 has

196 1747 1337 1836 unamformarenotionempoterisproferre,adversumdefendendum.
1420 1821 1421 1844 χ

292 1871 427 1937 Praeter
449 1868 532 1954 ἀτὰρ
554 1907 596 1919 -
619 1870 655 1948 γέ
677 1891 741 1934 uno
764 1869 862 1955 Veep.
883 1891 912 1932 v.
927 1868 989 1933 981
1014 1890 1083 1956 sqq.
1105 1868 1224 1955 legitur
1247 1865 1335 1954 α’τάρ

198 1987 300 2072 ὅμως,
332 2011 396 2077 qua
417 1989 451 2053 in
473 1989 697 2074 conjunctione
729 1986 843 2052 eodem
877 1986 973 2052 modo
1004 2010 1095 2052 suam
1129 1995 1239 2053 tuetur
1260 1989 1333 2052 vim

198 2117 333 2195 utraque
354 2104 522 2196 particula.
566 2103 619 2169 De
633 2105 815 2191 vesparum
835 2104 896 2170 hoc
919 2104 1098 2171 locoliceat
1122 2105 1221 2172 affere
1245 2130 1331 2195 qaae

201 2225 242 2293 de
265 2248 303 2292 eo
328 2225 407 2291 dicit
429 2222 786 2309 Klotzius(adDeva1-.
809 2224 851 2288 Π.
878 2223 970 2308 198);
1001 2225 1128 2290 Eadem
1149 2227 1201 2292 aia
1222 2233 1254 2292 et
1270 2249 1335 2309 po-

200 2351 297 2413 testas
315 2343 502 2427 particulae
526 2338 609 2426 αῗτάρ
632 2342 716 2418 (scii.
747 2344 978 2424 oppositionis)
1009 2344 1109 2410 durat
1140 2346 1170 2409 si
1200 2346 1330 2428 quaudo

198 2463 357 2546 oppositio
393 2483 488 2546 qaam
520 2461 676 2543 exprimit
714 2482 748 2526 ea
785 2462 982 2546 adaapetar,
1022 2464 1107 2544 qaod
1139 2465 1334 2548 ady'aapitar

193 2581 363 2668 particula
392 2580 496 2662 ὅμως,
526 2581 625 2647 aelati
655 2582 780 2663 factam
816 2587 864 2646 est
885 2581 975 2663 apud
1007 2582 1261 2664 Aristophanem
1292 2584 1332 2649 ia
1419 2653 1420 2670 χ

202 2699 315 2786 Vespia
336 2723 366 2766 a.
389 2705 462 2768 979.
486 2721 552 2784 sqq.
577 2721 638 2784 qao
662 2699 810 2767 locatae
842 2701 981 2766 dicitur:
1010 2701 1058 2776 Aa
1091 2707 1197 2767 tamea
1227 2703 1331 2785 ipitar

196 2821 399 2902 descendam,
429 2821 514 2901 qaod
541 2827 587 2886 est
612 2820 727 2902 paullo
751 2821 847 2885 aliter
868 2820 989 2886 dictam
1027 2826 1122 2903 atque
1144 2821 1229 2885 iliad
1252 2817 1328 2884 ἀλλ’
1419 2909 1420 2920 ¹

196 2938 277 3021 ὅμως
299 2941 337 3006 de
360 2961 422 3022 pao
448 2941 490 3022 af.
510 2939 634 3005 Deaar.
657 2939 706 3005 11.
725 2961 762 3021 p.
777 2945 832 3006 72.
855 2939 972 3024 Recte,
994 2963 1068 3006 nam
1091 2942 1118 3006 si
1141 2939 1230 3026 legas
1253 2937 1331 3003 α’λλ*
1419 2945 1420 3000 i

196 3057 293 3143 ὅμως,
315 3057 536 3142 καταβήσομαι
557 3068 654 3124 esset:
678 3059 726 3124 Ar
749 3065 851 3125 tamea
873 3061 1071 3138 descendam,
1094 3061 1141 3124 ita
1162 3069 1198 3124 ut
1222 3058 1331 3124 desset

197 3176 319 3242 vinculi
341 3176 503 3245 interioris
515 3226 525 3261 ,
551 3176 636 3264 quod
662 3177 830 3264 conjungit
864 3181 1042 3262 enuntiata,
1065 3180 1207 3264 signum,
1242 3177 1330 3266 quod

196 3297 279 3362 inest
299 3296 334 3361 in
355 3293 437 3380 a’taip
461 3293 557 3380 ὅμως,
583 3295 743 3383 simulque
764 3298 869 3384 magis
893 3297 1024 3363 effertur
1047 3297 1331 3384 oppositiocontra

196 3416 297 3483 verba
318 3438 378 3504 per
399 3418 501 3479 nataae
523 3415 718 3482 introducta.

289 3538 397 3624 Atque
421 3536 501 3602 haec
531 3535 693 3603 sufficiant
722 3536 764 3600 de
795 3535 954 3624 particula
988 3533 1085 3620 α’ταῖρ,
1117 3537 1208 3624 cujus
1240 3538 1328 3603 vocis

194 3656 339 3745 pleniore
369 3655 472 3720 forma
494 3677 576 3741 quae
598 3664 646 3719 est
667 3654 772 3737 αὕταρ
786 3656 928 3720 comicus
942 3655 1005 3718 nisi
1026 3655 1206 3742 inparodia
1234 3656 1328 3743 epica

191 3776 370 3841 nonutitur.
395 3774 530 3860 Legitur
538 3773 637 3861 Vesp.
649 3773 734 3840 1092
749 3774 782 3838 in
806 3796 903 3839 versu
912 3774 1075 3840 homerico
1098 3775 1152 3859 (cf.
1164 3772 1193 3838 Il
1213 3771 1326 3840 α’463.

194 3890 257 3958 Od.
281 3916 309 3969 y.
338 3893 428 3980 461),
450 3892 511 3957 Av.
536 3891 599 3956 983
622 3893 656 3955 in
677 3892 751 3957 ficto
776 3891 906 3958 oraculo
928 3903 1001 3981 post
1012 3903 1166 3982 sequente
1190 3893 1327 3981 apadoei

193 4033 252 4099 per
275 4007 314 4094 δή
325 4009 391 4073 τότε
403 4035 433 4075 v.
450 4010 523 4076 985.
536 4010 707 4076 Restarent
727 4011 905 4098 particulae
928 4009 1014 4075 α’λλαί
1035 4021 1067 4076 et
1089 4010 1136 4095 δέ,
1157 4010 1326 4098 dequibus
1418 3997 1419 4014 ¹

193 4139 326 4218 propter
334 4129 475 4194 locorum
491 4130 617 4217 copiam
632 4141 663 4194 et
682 4153 757 4196 usus
777 4131 966 4196 varietatem
981 4140 1103 4196 tantam
1114 4152 1200 4196 nunc
1216 4132 1326 4197 dicere

196 4272 259 4314 non
270 4271 407 4336 possum,
419 4271 518 4335 quare
530 4251 563 4313 in
573 4249 660 4314 aliud
669 4260 795 4338 tempus
805 4272 857 4316 aas
869 4248 965 4316 liceat
975 4250 1120 4316 differam
1129 4248 1326 4316 tractandas.
