2874 4910
718 347 761 411 70

178 530 275 600 modo
299 529 501 617 significans,
529 534 625 616 atque
646 536 719 615 post
747 526 923 615 particulas
952 528 1210 614 interrogativas.
1255 527 1317 596 De

177 649 335 740 positione
363 646 593 737 particularum
625 645 804 712 notandum
836 653 886 712 est
915 667 970 712 eas
1003 647 1125 712 nisi-in
1158 649 1312 716 trimetro

135 826 140 833 .
177 793 241 836 non
263 767 411 851 inveniri,
431 764 543 853 ibique
565 785 695 852 semper
716 763 893 830 secundom
917 765 963 834 eis
985 765 1119 832 formari
1147 767 1312 853 jambam,

178 909 243 956 uno
278 893 415 972 excepto
438 882 527 948 Eool.
541 897 545 904 '
560 905 593 947 v.
612 881 678 948 542
685 931 693 964 ,
727 881 785 948 ubi
807 890 916 949 tamen
944 905 998 948 res
1024 885 1133 972 specie
1163 885 1310 972 quidem,

178 1027 244 1074 non
282 1025 398 1069 revera
427 1021 522 1066 secus
535 1021 570 1066 se
601 998 719 1080 habet,
753 1022 851 1088 quum
888 1023 1098 1089 personarum
1128 1005 1309 1070 mutatione

177 1144 296 1190 novum
318 1121 410 1208 qnasi
432 1118 595 1207 quoddam
617 1117 744 1186 initium
774 1119 841 1185 fiat.
884 1120 1077 1194 Necessaria
1107 1122 1201 1208 quasi
1228 1144 1307 1208 qna-

179 1240 256 1307 dam
276 1239 466 1305 attractione
488 1258 617 1324 semper
638 1237 839 1323 nonjamin,
861 1236 1012 1324 leguntur
1029 1241 1114 1304 inter
1135 1239 1309 1307 articulum

179 1367 211 1426 et
232 1357 466 1426 substantivum
489 1354 579 1420 Ecol.
601 1355 784 1435 542sinte1·
804 1355 1042 1422 substantivum
1062 1366 1098 1424 et
1125 1359 1309 1445 pronomen

178 1475 444 1561 interrogativum
485 1473 547 1537 Ar.
588 1497 621 1539 v.
667 1473 748 1551 1123
794 1474 879 1538 inter
925 1474 1060 1541 verbum
1107 1484 1144 1540 et
1184 1498 1309 1564 prono-

178 1616 253 1660 men
297 1591 382 1658 Nub.
447 1591 542 1657 1178.
598 1591 676 1678 Lys.
712 1591 787 1658 599.
842 1591 924 1660 Rau.
969 1593 1060 1660 805.·
1092 1593 1166 1662 865.
1221 1595 1310 1663 Pint-

179 1709 261 1796 2643
298 1731 433 1799 quorum
470 1710 613 1778 locorum
635 1709 679 1775 ad
706 1709 886 1796 analogiam
923 1710 1009 1776 Nub.
1035 1734 1074 1776 ·v.
1113 1713 1197 1778 1186
1236 1736 1312 1781 oon·

177 1839 244 1896 tra'
260 1837 398 1895 metrum
427 1828 542 1894 Venet.
571 1827 708 1915 praebet
737 1838 806 1891 vost
834 1826 870 1892 δὲ
901 1826 941 1912 δή
970 1831 1016 1912 τίς
1046 1827 1186 1916 denique
1222 1833 1312 1897 inter
1410 1819 1411 1824 ἵ

178 1969 355 2036 pronomen
387 1955 421 2012 et
451 1968 564 2014 vocem
596 1946 861 2031 interrogativum
891 1945 990 2033 Vesp.
1022 1946 1098 2013 858.
1131 1948 1209 2013 Pac.
1232 1949 1310 2014 827.

181 2067 240 2130 Αν.
264 2063 316 2130 67.
340 2063 411 2130 155.
435 2063 566 2129 Thesm.
589 2063 664 2128 608.
693 2063 775 2129 Ran.
800 2063 872 2129 158.
885 2095 889 2102 ·
903 2063 999 2145 Quod
1028 2063 1199 2150 legebatur
1220 2067 1311 2136 Nub.

179 2184 241 2250 681
266 2179 306 2269 δὴ
329 2181 368 2246 δέ
400 2183 499 2268 (Rois.
522 2182 615 2269 Gonj.
637 2181 663 2249 1.
694 2205 726 2268 p.
750 2181 837 2264 230)-
858 2181 1034 2249 seeundum
1056 2184 1138 2250 Rav.
1167 2194 1208 2252 ot'
1224 2188 1309 2254 Van.

178 2302 316 2389 vestigia
336 2323 423 2368 nune
445 2300 553 2367 editur
575 2299 614 2364 dt
634 2323 669 2380 rs
691 2323 712 2368 a
732 2299 916 2384 Mensam,
943 2298 984 2385 δή
1004 2323 1040 2380 rs
1069 2311 1182 2369 eontra
1212 2328 1309 2373 usum

178 2418 462 2507 Aristophanicum
485 2442 505 2485 a
526 2420 679 2505 Bergkio.

266 2567 333 2654 l'dp
357 2569 398 2654 δή
411 2570 595 2659 ¹particulae
617 2570 736 2659 septies
758 2569 909 2655 leguntur
941 2567 1033 2657 apud
1044 2551 1312 2658 Aristophanem,

179 2698 212 2757 et
235 2688 367 2778 quidem
388 2690 443 2771 ita,
465 2698 503 2754 ut
522 2686 586 2773 reip
610 2711 740 2754 oausam
762 2688 880 2753 inferat
903 2686 945 2772 dri
965 2695 1072 2753 autem
1092 2687 1177 2754 iliius
1191 2711 1312 2757 causae

179 2811 246 2876 vim
268 2817 406 2896 urgeat,
435 2830 499 2895 qua
520 2809 555 2873 in
586 2829 621 2873 re
651 2806 748 2892 modo
776 2807 909 2895 propria
942 2803 1076 2874 voculae
1105 2807 1310 2894 significatio,

180 2949 244 3016 qua
265 2950 334 2994 rem
356 2925 558 2992 manifestam
582 2926 739 3012 designat,
760 2925 864 3011 magis
887 2923 1000 3008 elucet,
1012 2935 1058 3008 ‚ut
1078 2925 1157 3012 Lys.
1178 2951 1210 2993 v.
1242 2925 1308 2994 557

179 3043 237 3112 ubi
259 3045 362 3111 verba
384 3049 444 3108 νῦν
464 3047 524 3127 μὲν
545 3045 606 3130 γὰρ
630 3042 670 3128 δὴ
695 3045 762 3126 nat,
796 3045 823 3136 si
859 3042 902 3109 ad
934 3041 1134 3110 verbuin'ea
1167 3045 1311 3112 reddere

180 3143 264 3244 licet,
286 3171 376 3226 sunt:
399 3181 484 3228 auae
506 3163 633 3246 quidem
656 3157 736 3226 enim
757 3163 927 3244 mortifes'to
950 3163 1068 3244 etiom;
1089 3161 1186 3229 modo
1202 3165 1311 3230 minus

182 3277 327 3362 effertur,
359 3280 404 3344 ita
425 3287 461 3345 ut
484 3279 580 3346 etiam
603 3278 685 3377 addi
713 3279 815 3366 possit
838 3278 974 3345 verbum
996 3275 1103 3347 idem
1113 3281 1311 3367 significans,

181 3395 421 3464 uitiasset.
933 3401 936 3410 ⁴
1117 3413 1119 3418 '

235 3551 348 3612 τοῦτον
367 3548 430 3634 γάρ
449 3547 489 3632 δή
512 3553 661 3633 φανερῶς
682 3545 700 3613 ὁ
725 3552 807 3624 Zeis
829 3549 889 3634 iqo'
909 3549 965 3613 ἐπὶ
985 3519 1252 3633 roog'irc'ro‘puovg

182 3709 239 3776 ubi
254 3767 256 3772 .
272 3707 314 3796 δή
342 3710 536 3778 levissimum
567 3722 691 3784 tantum
720 3715 858 3782 notionis
886 3736 963 3781 suae
993 3712 1133 3779 colorem
1166 3734 1253 3800 pras.
1275 3733 1309 3776 se

181 3826 256 3898 fert.
300 3828 430 3916 Reliqui
450 3829 514 3897 1001
542 3840 631 3898 suni:
667 3832 729 3920 oq.
752 3833 815 3900 su
840 3814 915 3901 596.
949 3830 1035 3898 uus..
1064 3829 1133 3896 402
1160 3827 1234 3916 (usi
1258 3828 1308 3894 ue

181 3946 341 4034 particula
362 3949 407 4027 γέ.
420 3967 452 4012 v.
476 3949 632 4016 Porsad
655 3951 735 4018 Eur.
757 3951 858 4017 Phiin.
873 3950 982 4038 1366).
1004 3950 1079 4016 Pao
1100 3948 1195 4018 1189.
1217 3946 1307 4014 Eo'oi

185 4064 600 4134 reponderationem
629 4067 852 4157 Sophoclisin
874 4068 924 4136 hia
953 4065 1120 4156 particulis
1153 4087 1227 4132 oum
1250 4087 1309 4132 nsu

181 4183 428 4274 Aristophanioo
470 4209 601 4273 prorsus
630 4187 826 4256 eonsentirs
871 4185 1036 4274 exempla
1059 4184 1177 4252 docent
1219 4183 1308 4271 apud

182 4300 784 4392 Ellendtiumdrex.Soph.1..341).
863 4360 866 4368 ,
911 4353 914 4364 .
