2874 4910
529 1183 677 1252 oleos
698 1129 878 1270 namon

295 1367 364 1440 DE
392 1365 697 1446 PARTICULIS
724 1365 1112 1461 ADVERSATIVIS.

632 1534 786 1547 -..-.--

230 1675 362 1740 Initium
390 1671 489 1738 faciat
521 1671 751 1738 dissertationis
783 1672 942 1760 particula
973 1673 1034 1754 μέν
1066 1693 1161 1760 quam
1192 1673 1268 1758 jure

139 1788 374 1856 nobilissimam
396 1788 476 1854 dicit
499 1789 743 1875 Hogeveeniup,
766 1791 886 1876 quippe
908 1811 991 1875 quae
1013 1811 1056 1854 ex
1078 1810 1189 1854 eorum
1211 1801 1268 1854 nu·

140 1927 234 1972 mero
255 1906 306 1989 sit,
326 1927 386 1994 per
408 1927 496 1993 quaa,
516 1915 553 1972 ut
573 1928 633 1994 per
653 1928 771 1972 nervos
792 1907 827 1970 in
848 1927 983 1994 corpore
1003 1905 1143 1971 humano
1163 1905 1257 1990 singu

137 2024 195 2089 lae
209 2029 318 2110 partes
340 2025 583 2109 conjunguntur,
604 2025 651 2088 ita
671 2023 801 2108 linguae
822 2031 940 2111 partes,
962 2023 998 2088 id
1021 2032 1070 2088 est
1094 2022 1267 2102 enuntiata,

137 2140 291 2209 arctioris
313 2141 446 2206 rationis
468 2140 609 2228 quodam
638 2140 784 2224 vinomo,
811 2141 853 2208 ab
886 2141 1015 2228 ingenio
1036 2140 1166 2226 linguae
1193 2123 1268 2225 'pro-

144 2257 246 2343 fecto,
276 2260 359 2324 inter
391 2281 426 2325 se
456 2259 654 2347 copulantur.
707 2259 816 2341 Quum
848 2281 927 2325 vero
963 2259 1057 2346 hujus
1089 2256 1267 2346 particrdae

144 2398 221 2442 usus
249 2374 336 2462 apud
365 2375 612 2462 Aristophanem
644 2375 819 2442 admodum
846 2378 890 2441 sit
916 2377 1040 2459 varius,
1073 2375 1107 2464 in
1139 2395 1178 2438 aa
1205 2379 1268 2436 tra·

146 2491 263 2558 ctanda
283 2491 374 2558 illum
396 2493 488 2579 sequi
509 2494 609 2559 satius
633 2492 713 2558 duxi
736 2493 893 2579 ordinem,
914 2501 951 2560 ut
972 2493 1014 2560 ab
1036 2493 1082 2557 eis
1095 2490 1174 2558 locis
1196 2511 1268 2573 pro·

143 2609 286 2693 demeat,
317 2609 374 2676 ubi
406 2611 466 2690 μέν
498 2633 563 2676 non
591 2620 744 2698 sequente
766 2611 925 2699 particula
946 2609 994 2703 δέΙ
1014 2619 1070 2676 aut
1096 2609 1160 2676 alia
1189 2629 1266 2694 qua-

146 2726 220 2792 dam
240 2726 399 2813 particula
421 2726 622 2810 correlativa,
644 2750 704 2814 per
725 2750 759 2792 ae
781 2727 892 2812 solum,
915 2735 971 2793 aut
988 2749 1061 2792 oum
1083 2725 1154 2790 aliis
1171 2725 1268 2811 parti-

145 2842 222 2924 culis
250 2845 456 2930 eonjunotum
489 2844 624 2930 legitur,
659 2844 777 2914 deiude
812 2866 866 2911 eos
901 2845 989 2910 locos
1020 2850 1172 2924 tractem,
1209 2839 1266 2906 ubi

147 2958 362 3046 membrorum
385 2961 517 3048 quidam
539 2983 644 3028 naxus
664 2984 725 3050 por
746 2962 938 3049 particulam
959 2961 1020 3044 μέν
1041 2959 1186 3024 efficitur.

228 3079 279 3144 De
301 3080 425 3165 origine
447 3088 480 3146 et
501 3081 733 3167 significatione
754 3082 844 3148 vocis
863 3081 1017 3168 primaria
1039 3077 1182 3145 dubitari
1202 3097 1267 3142 non

146 3204 247 3285 potest
268 3197 346 3284 quin
367 3205 456 3262 recte
485 3199 655 3263 statuerint
674 3198 902 3282 Grammatici,
935 3221 1007 3264 eam
1024 3219 1080 3264 ,ex
1107 3194 1266 3284 particula

144 3314 204 3398 μὴν
223 3322 370 3379 exortam
393 3335 461 3378 osae
484 3313 539 3397 (of.
561 3314 746 3380 Batumlein:
778 3315 1067 3400 Untersuchungan
1101 3313 1183 3378 iiber
1212 3311 1265 3376 die

146 3428 447 3515 griech..Portilreln
468 3452 500 3516 p.
526 3429 597 3514 159,
619 3431 774 3497 Matthiae
789 3431 845 3498 Gr.
860 3431 916 3498 Gr.
930 3429 967 3520 ξ
981 3432 1055 3506 622.
1099 3430 1265 3516 Hartung:

145 3546 247 3612 Lehre
269 3568 334 3613 von
357 3546 420 3612 den
439 3547 607 3614 Partikeln
629 3558 690 3614 etc.
713 3549 775 3615 vol.
798 3551 840 3615 ΙΙ.
864 3573 896 3637 p.
921 3550 999 3632 390)
1022 3570 1118 3636 quam
1139 3555 1264 3614 senten-

146 3663 217 3728 tiam
260 3661 357 3727 etiam
392 3665 557 3731 veteribus
593 3665 763 3753 probatam
799 3666 898 3732 fonsae
929 3688 972 3731 ex
993 3664 1155 3732 Eustathii
1183 3686 1263 3736 ,ver-

147 3779 191 3843 bis
215 3777 374 3864 colligere
396 3781 487 3857 licet,
517 3781 561 3847 ad
583 3782 660 3848 Ilo
686 3783 729 3848 35
752 3783 899 3848 dicentis:
933 3781 976 3857 ὥς
998 3803 1061 3846 που
1083 3785 1138 3844 καὶ
1159 3781 1177 3846 o‘
1199 3787 1263 3866 ppo

147 3894 309 3978 σύνδεσμος
334 3899 394 3979 μὲν
416 3897 539 3978 λέγεται
571 3899 651 3962 κατὰ
685 3897 838 3980 συστόλην
868 3897 928 3964 ard.
972 3899 1064 3980 Quae
1079 3963 1083 3968 .
1098 3921 1196 3988 quum
1217 3899 1263 3964 ita

147 4012 202 4078 siut
229 4014 264 4079 in
286 4014 397 4101 aprico
431 4025 479 4082 est
499 4016 766 4103 significationem
787 4015 964 4104 particulae
985 4017 1046 4098 μέν
1075 4015 1278 4104 primariam

148 4131 383 4232 condomense
413 4133 549 4218 debere,
587 4142 682 4221 atque
706 4135 891 4222 'particulae
920 4133 1001 4220 μήν,
1034 4134 1164 4218 idest,
1195 4135 1262 4199 vim

148 4248 315 4333 particulae
336 4255 418 4316 'esse
452 4251 571 4318 debere
607 4252 845 4333 affirmativam,
884 4275 926 4318 ex
963 4275 1027 4339 quo
1064 4253 1134 4338 jam
1173 4259 1261 4337 patet
