2874 4910
760 341 804 410 48

218 524 331 592 dentes
353 525 489 592 orationi
511 533 547 590 ut
569 532 697 589 vertare
718 526 820 611 possis
840 531 879 590 ot
909 524 1027 607 icitur,
1054 546 1267 616 quamquam
1292 549 1359 593 con-

217 639 398 728 cedendum
420 651 469 707 ast
489 641 572 708 hanc
596 641 833 708 conclusionem
848 665 914 708 non
935 651 1105 732 tantopere¹
1124 646 1249 730 urgeri
1276 644 1359 732 quod

218 767 255 828 ut
275 761 332 826 fiat
357 759 551 849 apponenda
581 769 651 827 orat
682 783 749 826 vox
780 757 841 824 οὖν
873 783 956 849 quae
989 762 1077 849 apud
1102 763 1360 850 Aristophanem

218 901 292 945 cum
314 901 398 945 voco
418 876 501 959 ἀτάρ
534 881 707 966 conjuncta
737 902 802 946 non
830 878 958 966 legitur.
997 880 1107 948 lPorro
1140 882 1361 948 conferantur

218 997 349 1066 Thesm.
374 998 465 1062 1119.
487 998 577 1063 Eccl.
602 999 684 1063 1067
708 1007 741 1065 ct
761 999 822 1086 Eq.
835 1021 867 1064 v.
882 999 954 1064 111.
978 998 1064 1066 Nub.
1078 999 1143 1066 382
1165 1022 1241 1087 quo
1266 1021 1361 1064 versu
1414 1012 1415 1027 ¹

216 1139 277 1206 por
296 1117 489 1205 particulam
512 1116 595 1201 dacio
616 1117 832 1208 strepsiadea
854 1117 1046 1206 objectionis
1068 1117 1171 1188 forma
1196 1138 1299 1202 usus,
1321 1117 1361 1182 ad

217 1237 359 1302 tonitrua
380 1238 564 1322 revertitur,
587 1246 682 1302 antea
704 1237 872 1304 aSocrata
882 1237 1017 1305 meliora
1037 1237 1178 1306 nondum
1207 1238 1360 1304 edoctus.

218 1356 316 1444 Apud
339 1358 545 1445 imperativos
567 1355 685 1422 deindo
705 1353 791 1441 ἀτάρ
814 1357 930 1424 codam
949 1357 1048 1424 modo
1066 1366 1163 1446 atque
1177 1380 1255 1426 vox
1270 1354 1360 1420 ullu

217 1475 337 1562 legitur
357 1473 420 1540 Av.
442 1475 516 1541 648.
539 1475 622 1541 Plut.
648 1476 710 1540 749
733 1476 790 1542 ubi
811 1498 877 1542 non
900 1484 965 1542 tam
989 1477 1230 1565 oppositionem
1248 1475 1358 1555 insert,

218 1617 316 1684 quam
336 1595 504 1660 transitum
527 1593 615 1662 facit.
630 1593 729 1682 Vesp.
751 1617 783 1660 v.
805 1594 870 1661 652
882 1597 998 1662 .nescio
1020 1618 1061 1660 an
1084 1597 1117 1662 in
1136 1617 1240 1662 versu
1265 1613 1358 1682 paro·

219 1713 293 1781 dico
317 1735 383 1782 non
411 1736 485 1782 cum
506 1713 587 1780 Rau.
619 1709 740 1777 ἄλλ’σῖ
768 1713 942 1801 legendum
970 1716 1014 1781 sit
1042 1737 1102 1803 pro
1125 1712 1209 1799 α’τᾰρ
1247 1709 1279 1776 ὦ
1307 1709 1355 1794 (cl.

217 1833 318 1914 Pons„
331 1834 438 1900 Pracf.
470 1832 513 1899 ad
540 1833 619 1899 Eur.
652 1832 778 1900 Hecub.
803 1857 834 1921 p.
868 1833 977 1918 LVI.).
1023 1833 1165 1919 Tragico
1195 1831 1352 1920 quodam,

219 1952 323 2016 atita
346 1949 469 2035 dicam,
498 1951 596 2019 modo
624 1951 784 2041 particula
806 1949 910 2036 α’τοέρ,
943 1973 1018 2018 oum
1037 1954 1178 2024 notione¹
1205 1950 1352 2040 quadam

218 2070 439 2155 conclusionis,
462 2070 630 2137 consilium
644 2069 819 2158 ¹quoddam
840 2079 965 2136 cantum
979 2069 1138 2157 loquentis
1160 2070 1264 2140 infert
1278 2069 1350 2155 Lys.

216 2188 301 2256 420.
335 2190 416 2256 Bau.
439 2189 504 2255 160
527 2189 718 2276 quibuscum
750 2188 994 2276 conjungendus
1017 2199 1065 2258 est
1081 2188 1178 2258 Nub.
1200 2183 1348 2273 ltilpad

219 2331 314 2396 quem
333 2331 464 2375 vorsum
493 2308 664 2374 adnotavit
684 2307 901 2388 Hermannus:
937 2310 1018 2389 „Nc
1039 2310 1112 2391 qats
1128 2313 1228 2391 ¹torte
1256 2309 1351 2390 putei

214 2429 316 2494 'varta
337 2425 420 2512 ἀτὰρ
444 2426 586 2514 &amtor
606 2427 738 2524 Sancti¹
764 2429 876 2510 potius
893 2449 1002 2510 ouum
1024 2427 1212 2510 Strspsmdi
1232 2445 1346 2498 conve-
1414 2420 1415 2447 ¹

217 2547 304 2625 aire,
331 2547 511 2614 meminerit
532 2547 640 2627 oelim5
664 2548 859 2612 alacriorem
890 2547 1125 2638 approbatione
1147 2537 1347 2620 Socratica

219 2665 479 2747 consideo-tiorum
498 2668 621 2749 suctum
642 2685 709 2732 osae
730 2664 959 2748 &repararent
989 2665 1138 2733 -Acceuu
1167 2667 1262 2731 aliud
1291 2663 1348 2728 mi·

220 2786 306 2853 aime
335 2787 570 2871 aeqlsbcaiiam»
590 2788 678 2852 Nom
691 2787 882 2869 particulae
891 2781 976 2871 ἀτάρ
991 2789 1038 2852 eu'
1051 2785 1137 2852 ratio
1153 2791 1209 2864 cst,
1233 2793 1343 2852 utaoa
1414 2804 1415 2837 1

217 2905 481 2988 quemadmodum
501 2902 592 2968 dibi
613 2905 710 2972 ctiam
725 2905 770 2971 od
790 2904 1124 2998 mspoadoadumialii
1143 2905 1345 2981 odiribaatur,

218 3025 459 3108 murmuratur
481 3025 525 3106 od
546 3025 651 3107 ipsius
665 3025 721 3107 qui
735 3024 1197 3109 loqauurvertapraeqressa.
1221 3023 1345 3096 Eodem
1414 3002 1415 3021 ¹

218 3144 316 3210 moso
337 3153 409 3231 post
431 3141 489 3206 aas
512 3141 587 3206 oua
609 3142 695 3208 uus.
714 3142 783 3208 403
804 3142 923 3228 agan
947 3140 1038 3228 aaa.
1101 3123 1104 3129 '

305 3264 408 3329 Porro
438 3261 598 3350 particula
626 3259 707 3346 ἄτοῖρ
736 3270 772 3328 ut
804 3249 933 3328 omn'nio
959 3261 1005 3328 ab
1039 3263 1157 3328 atticae
1177 3258 1344 3330 „umbonis

217 3381 429 3472 scriptoribus
457 3382 503 3447 ita
532 3382 629 3448 otiam
661 3381 705 3447 ab
728 3379 945 3469 Aristophane
977 3382 1011 3446 in
1037 3382 1343 3468 interrogationibus

218 3504 264 3570 ita
275 3503 432 3576 ¹adbibita
455 3510 512 3586 est,
523 3510 570 3568 ut
587 3523 666 3572 ,cum
681 3501 796 3589 ¹aliqua
809 3501 986 3565 vivacitate
1008 3500 1036 3565 is
1051 3501 1107 3588 qui
1117 3499 1262 3587 loquitur
1276 3519 1342 3566 rem

219 3625 260 3690 dc
283 3647 347 3712 qua
368 3623 598 3687 sermocinatus
620 3630 699 3704 crat,
723 3618 863 3685 dimittat
885 3627 918 3684 et
938 3618 1244 3706 novam'quandam
1260 3617 1341 3704 cogi·

219 3745 372 3808 tationem
396 3741 519 3828 eisqui
542 3738 738 3806 antecedunt
760 3747 910 3826 opponat.
957 3737 1128 3826 Oppositio
1160 3739 1194 3804 in
1227 3737 1342 3804 talibus

219 3869 275 3927 aut
295 3862 332 3928 fit
353 3869 465 3926 contra
486 3858 588 3926 verba
610 3858 691 3924 alius
705 3857 882 3944 cujusdam,
905 3858 960 3943 qui
978 3856 1102 3954 locutus
1117 3865 1195 3942 erat,
1217 3855 1342 3922 utAch.

217 3981 283 4046 412
306 3989 362 4046 aut
382 3980 461 4068 ipsis
482 3978 594 4044 verbis
616 3977 668 4042 vel
691 3976 940 4064 cogitationibus
962 3977 1031 4064 ejus
1054 3977 1109 4064 qui
1125 3975 1270 4064 loquitur
1291 3974 1342 4042 sli-

218 4099 296 4190 quid
321 4085 509 4187 opponitur,
537 4105 574 4165 ut
606 4097 643 4162 fit
664 4095 752 4162 Nub.
781 4119 814 4161 v.
827 4095 889 4162 30.
920 4095 1074 4162 Ceterum
1108 4094 1148 4160 de
1176 4095 1265 4168 omni
1286 4095 1342 4160 hoc

218 4245 279 4288 usu
310 4217 488 4310 particulae
518 4217 724 4288 conferantur
754 4215 834 4283 Ach.
861 4215 936 4281 412.
969 4215 1044 4282 513.
1077 4215 1164 4282 Nub.
1186 4215 1239 4282 30.
1276 4214 1342 4282 187.

219 4340 293 4406 675.
339 4339 437 4426 Vesp.
460 4335 631 4404 521815.
655 4337 714 4401 Av.
736 4335 788 4402 69.
812 4334 995 4420 (ubirecte
1017 4335 1095 4401 Rav.
1120 4332 1203 4420 α’τάρ
1226 4331 1265 4398 σύ
1287 4354 1341 4421 pro
