2874 4910
678 329 722 420 a

118 513 211 587 203.
237 511 331 578 1003.
359 511 453 578 1364.
465 509 558 598 Nub
569 510 646 598 201.
670 510 748 601 348„
767 511 827 575 Av.
843 511 916 583 358.
939 508 1065 576 Thesm.
1079 510 1152 578 632.
1174 509 1263 604 Eccl.

119 631 210 698 255.
232 631 342 696 Etiam
354 630 444 716 prius
460 628 639 695 membrum
654 631 928 722 interrogativum¹
939 629 1057 716 legitur
1072 630 1173 718 Vesp.
1190 629 1263 696 682.

121 751 238 816 Porro
262 750 296 814 in
330 748 473 814 secundo
506 748 651 814 membro
682 759 755 837 post
778 750 954 815 orationem
977 749 1140 836 obliquam
1163 727 1264 813 habes

124 867 278 934 subitum
301 868 472 933 transitum
505 869 539 932 in
568 877 690 932 rectam
720 867 896 935 dictionem
928 867 1057 933 Thesm.
1089 866 1162 931 266.
1183 866 1265 930 Rau.

131 987 242 1068 10063
267 986 446 1073 eodemque
469 985 566 1052 modo
588 987 678 1074 prius
700 985 880 1052 membrum
912 985 1036 1050 directa
1063 985 1198 1050 alterum
1220 985 1267 1048 in·

127 1105 263 1170 directa
276 1106 419 1171 oratione
442 1105 521 1191 legis
542 1105 639 1193 Vesp.
653 1105 727 1175 572.
760 1105 797 1170 In
811 1105 945 1171 secundi
966 1105 1103 1170 membri
1126 1112 1266 1169 constru-

129 1226 245 1290 ctione
258 1225 387 1289 omnino
400 1223 576 1290 notandum
592 1233 640 1289 est
663 1225 822 1288 comicum
838 1225 957 1290 formas
968 1221 1021 1288 vel
1048 1224 1190 1288 maxime
1212 1245 1267 1287 va-

129 1343 202 1408 rias
226 1341 420 1408 adhibuisse.
456 1339 509 1406 Sic
533 1340 766 1408 adhortationis
789 1345 928 1431 speciem
951 1363 1073 1430 praese
1096 1343 1160 1406 fert
1180 1342 1265 1408 Plut.

133 1461 214 1545 619,
237 1484 336 1549 quum
366 1461 444 1528 Pac.
478 1459 542 1526 775
573 1460 608 1524 in
644 1462 753 1549 priore
781 1461 929 1528 membro
951 1460 1134 1526 adhortatio
1168 1461 1267 1526 conti·

132 1590 261 1664 nentur,
285 1579 421 1645 alterum
445 1579 601 1644 enuntiati
624 1579 851 1654 conditionalis
881 1579 987 1645 forma
1009 1579 1165 1660 addatur3
1188 1579 1265 1666 Lys.

134 1721 169 1764 v.
192 1699 257 1766 283
279 1700 313 1763 in
343 1699 451 1786 priore
473 1698 618 1762 membro
641 1698 742 1764 habes
757 1699 964 1786 participium
986 1698 1019 1762 in
1042 1697 1143 1763 altero
1166 1719 1266 1763 enun-

133 1803 253 1884 tiatum
275 1817 506 1896 conditionale3
532 1810 679 1905 denique,
702 1815 737 1882 id
760 1802 847 1903 quod
872 1818 942 1904 jam
964 1839 1062 1904 supra
1076 1819 1267 1902 monuimus,

129 1937 315 2024 'praemissa
336 1930 370 2000 iri
392 1937 501 2023 priore
524 1935 669 2000 membro
699 1934 857 2022 particula
878 1935 940 2016 μέν
967 1934 1103 2000 alterum
1137 1939 1267 2003 omnino

137 2075 206 2119 non
236 2055 394 2146 sequitdr,
431 2054 488 2120 scd
522 2053 631 2142 aliqua
667 2067 764 2120 cansa
797 2027 973 2120 commotus
996 2057 1266 2121 constructionem

138 2167 258 2242 omittit
278 2179 383 2261 poeta,
407 2172 458 2238 vel
481 2175 623 2238 maxime
646 2173 701 2252 ibi,
724 2174 782 2240 ubi
804 2174 906 2240 altera
924 2173 1098 2262 ¹quaedam
1128 2199 1267 2264 persone

137 2292 321 2381 loquentem
344 2285 551 2380 interrumpe
572 2273 608 2358 ut
629 2291 692 2380 sq.
715 2287 788 2359 773.
824 2293 1006 2360 subscrc.
1029 2293 1140 2360 Multis
1169 2296 1266 2360 etam

137 2413 219 2480 loeis
240 2415 509 2480 cousbuetionem
531 2413 578 2477 ita
598 2411 697 2479 vides·
713 2415 892 2498 mutuans
915 2416 1063 2502 utprius
1085 2415 1266 2500 membrum

140 2534 182 2598 sit
202 2530 521 2620 pendens-alterum
537 2553 598 2618 per
619 2555 653 2597 se
676 2542 810 2617 consur,
828 2535 1155 2622 cujusrei'exempla
1175 2543 1267 2602 sunto

131 2651 225 2718 ‘Neu
259 2651 351 2719 1108.
382 2651 483 2738 vesp.
512 2650 585 2716 552.
617 2651 695 2715 Pae.
724 2652 799 2718 410.
832 2651 907 2717 556.
935 2651 997 2716 Av.
1023 2652 1074 2717 76.
1100 2653 1171 2718 157.
1197 2652 1266 2722 185.

145 2769 246 2835 1088·
261 2769 338 2856 Lys.
357 2767 458 2834 1207.
484 2767 728 2834 1271611661.
749 2771 822 2835 418.
845 2770 919 2838 478.
942 2769 1047 2856 Locps
1069 2768 1127 2836 ubi
1149 2770 1268 2858 simpli-

143 2907 215 2953 cem
233 2889 295 2970 ptr
322 2887 468 2976 sequitur
488 2886 645 2976 periodus
676 2909 744 2975 pem
761 2891 827 2970 μὲν
849 2885 954 2971 -3155
980 2887 1172 2954 bimembris
1202 2911 1267 2955 non

135 3007 256 3074 multos
289 2981 397 3073 habes
416 3007 504 3094 apud
528 3005 778 3095 Aristophanem
807 3007 848 3072 cf.
871 3005 945 3094 11].
966 3006 1046 3072 764..
1061 3005 1170 3094 -Vesp
1204 3007 1268 3074 673

143 3123 257 3214 quibus
285 3125 370 3192 adde
392 3125 476 3192 Plut.
505 3126 570 3193 489
607 3126 677 3198 ubi,
697 3127 732 3191 in
759 3125 887 3192 eadem*
905 3127 1141 3210 constructione
1167 3126 1269 3200 habes
1318 3151 1322 3158 ·

144 3241 318 3312 secundum
339 3247 400 3327 μέν
423 3246 574 3336 omissum
597 3253 670 3332 post
698 3244 789 3326 τοὺς]
816 3265 921 3331 neque
942 3246 1098 3332 majorem
1121 3246 1268 3322 invenies

145 3362 252 3430 corum
273 3375 453 3448 numerum,
475 3364 592 3451 quibus
614 3365 648 3428 in
680 3363 879 3429 enuntiatum
897 3363 1077 3430 bimembre
1098 3364 1189 3432 inter,
1205 3365 1267 3429 sin-

144 3483 215 3569 gula
236 3483 382 3562 membra
403 3481 557 3572 periodus
579 3481 766 3548 bimembris
795 3503 855 3568 per
876 3482 937 3563 μέν
959 3489 992 3545 et
1024 3479 1062 3544 δέ
1090 3480 1179 3544 illata
1208 3487 1267 3560 est,

145 3611 178 3668 ut
196 3601 259 3668 Av.
282 3601 354 3670 709.
379 3602 445 3670 837
470 3600 647 3688 eodemque
671 3598 864 3670 modoPlut.
878 3598 951 3666 665.
975 3597 1032 3663 611
1054 3599 1087 3662 in
1110 3598 1267 3684 positione

146 3722 295 3808 primaria
316 3719 417 3786 habes
438 3721 499 3802 μέν
520 3743 555 3797 γε
580 3757 619 3768 -
642 3721 684 3782 τέ.
767 3806 770 3811 ¹
1246 3790 1248 3798 Α

193 3811 196 3818 .
225 3836 284 3902 His
306 3836 386 3904 locis
408 3829 628 3902 membrorum
649 3837 816 3924 responsio
838 3857 900 3932 per
918 3833 980 3898 hoo
1003 3832 1142 3920 exprimi
1165 3838 1269 3918 potest

147 3954 283 4022 schema:

521 4068 891 4158 per-psv-dt-de'

148 4265 151 4274 .
539 4221 871 4263 Μ

150 4329 239 4396 quum
264 4309 354 4398 prius
377 4308 438 4392 μέν
460 4308 572 4375 ultimo
585 4306 630 4389 δέ,
652 4304 789 4370 alterum
811 4301 913 4390 priori
936 4325 940 4336 ·
