2874 4910
212 1549 214 1554 ·
230 1517 283 1582 De
290 1511 515 1602 Aristophanis
528 1511 759 1601 partirularum
771 1532 829 1579 usu
845 1514 1137 1601 disputaturusnon
1148 1533 1271 1600 vereor,

145 1634 218 1698 Vin·
234 1632 451 1714 Illustrissimi‚
474 1653 514 1695 ne
537 1633 632 1696 venia
653 1630 732 1695 mihi
753 1629 892 1697 aVcbis
915 1631 1056 1720 petenda
1078 1635 1120 1700 sit
1141 1633 1271 1723 incepti,

143 1751 178 1815 id
201 1773 332 1833 vereor,
365 1772 405 1814 ne
427 1748 531 1813 Vobis
562 1749 667 1813 minus
689 1749 786 1814 suerit
807 1749 998 1837 probatum,
1026 1751 1112 1839 quod
1135 1767 1195 1839 ego
1217 1775 1272 1840 po-

144 1869 300 1934 tissimum
322 1865 522 1954 periculosae
552 1864 681 1952 plenum
712 1887 792 1951 opus
824 1865 914 1930 aleae
937 1869 1142 1954 susceperim.
1187 1870 1271 1936 Nolo

145 1985 244 2070 igitur
264 1986 381 2049 iterare
404 1981 609 2046 decantatum
630 1981 711 2046 illud
734 1981 774 2045 de
797 1983 993 2068 praestantia
1022 1987 1178 2051 sermonis
1199 1987 1272 2052 Ari·
1331 2019 1337 2032 ·
1420 1990 1424 1998 '

146 2101 321 2188 stophanei‚
341 2099 415 2164 nolo
434 2098 548 2183 longus
570 2120 639 2163 esse
662 2097 702 2162 de
726 2121 781 2181 eo,
804 2100 890 2186 quod
913 2099 1114 2167 doctissimus
1137 2104 1271 2190 quisque

146 2219 275 2282 minime
296 2217 427 2302 negavit
448 2215 591 2279 maximo
614 2237 686 2279 eum
720 2215 828 2280 fructu
850 2216 883 2280 in
905 2217 1039 2302 singulis
1060 2220 1271 2306 scriptoribus

145 2358 237 2423 posse
259 2336 370 2422 quaeri
392 2332 433 2397 de
456 2353 574 2418 genere
597 2330 737 2415 dicendi,
759 2332 795 2397 id
810 2335 916 2420 potius
938 2336 999 2400 erit
1020 2337 1055 2400 in
1073 2337 1271 2424 praefatione

145 2451 316 2539 agendum,
336 2460 372 2515 ut
392 2450 521 2514 veniam
532 2450 681 2515 Vestram
704 2449 782 2515 mihi
804 2474 925 2538 parem,
947 2453 1035 2540 quod
1052 2455 1271 2541 quaestionem

149 2570 275 2656 suscepi
305 2568 432 2655 juvenis
459 2587 573 2650 parum
605 2567 814 2651 exercitatus,
847 2591 867 2633 a
899 2592 964 2656 qua
995 2570 1165 2636 mactanda
1189 2593 1271 2637 sum-

146 2710 214 2755 mos
235 2687 341 2753 adhuc
364 2687 450 2751 viros
473 2668 676 2749 difficultates
698 2685 747 2748 rei
770 2683 1004 2752 deterruerunt.
1047 2688 1271 2777 Aristophanis

145 2808 230 2872 enim
252 2802 434 2870 comoedias
456 2823 516 2888 per
537 2800 659 2888 aliquot
686 2821 786 2866 annos
807 2800 954 2868 lectitans
983 2804 1132 2871 dictionis
1154 2809 1270 2873 atticae

144 2921 370 3009 praestantiam
393 2941 458 2983 non
479 2919 570 3005 potui
598 2940 662 2983 non
692 2941 817 2983 summa
849 2942 922 2985 cum
944 2921 1109 3008 voluptate
1132 2932 1271 2990 oontem-

144 3040 227 3128 plari
248 3060 345 3126 quam
367 3058 465 3124 quum
487 3036 632 3102 viderem
658 3035 711 3101 vel
733 3038 874 3102 maxime
897 3039 930 3102 in
957 3039 1188 3126 particularum
1211 3064 1270 3108 usu

143 3158 279 3245 positam
302 3177 386 3238 esse,
416 3162 490 3218 ante
518 3152 715 3240 aliquantum
745 3156 898 3241 temporis
928 3158 1102 3243 particulas
1131 3168 1269 3226 tractare
1340 3157 1345 3168 ’

144 3274 230 3362 apud
252 3295 304 3338 me
328 3272 487 3338 constitui.
532 3271 639 3358 Atque
661 3271 722 3337 hac
750 3274 841 3336 inre
864 3274 960 3337 etiam
991 3274 1070 3339 mihi
1092 3278 1269 3343 maximum

144 3401 213 3457 erat
228 3389 494 3477 impedimentum
515 3387 560 3470 id,
582 3387 670 3475 quod
693 3390 726 3453 in
739 3389 950 3475 Aristophane
973 3391 1140 3458 tractando
1159 3416 1269 3459 unum·

145 3530 303 3595 quemque
327 3505 424 3572 debet
446 3505 607 3590 cohibere,
629 3528 744 3593 parum
770 3515 923 3571 accurata
947 3507 1095 3573 codicum
1118 3512 1267 3595 cognitio,

144 3648 243 3712 quum
271 3646 353 3711 quae
380 3625 502 3710 majore
530 3626 565 3688 in
594 3624 663 3689 dies
694 3632 767 3689 cu'm
799 3616 905 3689 stirdio
936 3634 1142 3712 exspectatur
1169 3626 1268 3694 editio

144 3741 208 3808 Ad.
232 3741 403 3807 daVelsan
425 3742 458 3806 in
472 3742 577 3807 lucem
599 3739 742 3807 nondum
757 3740 922 3827 prodierit.
968 3741 1060 3823 Quae
1075 3765 1267 3832 quamquam

9 3851 26 3879 ⁸
144 3863 189 3926 ita
209 3882 244 3925 se
266 3857 443 3942 habebant,
466 3867 572 3924 tamen
594 3859 732 3922 instante
754 3860 856 3942 magis
877 3866 1022 3946 tempore
1044 3859 1087 3924 ad
1115 3884 1195 3949 opus
1216 3886 1268 3930 me

143 3977 279 4059 accinxi,
301 3975 430 4056 Vestra,
459 3977 618 4062 imprimis
641 3974 862 4040 adhortatione
885 3975 1067 4043 admonitus
1088 3979 1268 4067 Vestroque

144 4093 265 4159 auxilio
286 4093 395 4157 fretus.

229 4210 366 4276 Habetis
387 4209 501 4294 igitur,
537 4208 608 4274 Viri
632 4208 836 4294 Doctissimi‚
859 4209 900 4275 de
923 4209 1146 4298 Aristophanis
1167 4213 1268 4296 parti-

144 4327 287 4393 cularum
301 4349 362 4393 usu
376 4327 482 4414 eapite
499 4325 572 4409 duo,
583 4326 617 4391 in
629 4325 753 4412 quibus,
767 4329 795 4394 si
809 4327 844 4392 id
860 4327 994 4395 fortasse
1005 4327 1174 4393 miremini.
1188 4328 1266 4392 ouid
