<?xml version="1.0" encoding="UTF-8"?>
<!DOCTYPE html PUBLIC "-//W3C//DTD XHTML 1.0 Transitional//EN"
    "http://www.w3.org/TR/xhtml1/DTD/xhtml1-transitional.dtd">
<html xmlns="http://www.w3.org/1999/xhtml" xml:lang="en" lang="en">
 <head>
  <title>
</title>
<meta http-equiv="Content-Type" content="text/html;charset=utf-8" />
  <meta name='ocr-system' content='tesseract 3.04.00' />
  <meta name='ocr-capabilities' content='ocr_page ocr_carea ocr_par ocr_line ocrx_word'/>
</head>
<body>
  <div class='ocr_page' id='page_1' title='image "./quaestionesaris00wehrgoog_0061.png"; bbox 0 0 2874 4910; ppageno 0'>
   <div class='ocr_carea' id='block_1_1' title="bbox 643 309 756 434">
    <p class='ocr_par' dir='ltr' id='par_1_1' title="bbox 643 309 756 434">
     <span class='ocr_line' id='line_1_1' title="bbox 643 309 756 434; baseline -0.018 0"><span class='ocrx_word' id='word_1_1' title='bbox 643 309 756 434; x_wconf 83' lang='grc' dir='ltr'>Ι56</span> 
     </span>
    </p>
   </div>
   <div class='ocr_carea' id='block_1_2' title="bbox 172 545 1306 2297">
    <p class='ocr_par' dir='ltr' id='par_1_2' title="bbox 172 545 1306 2297">
     <span class='ocr_line' id='line_1_2' title="bbox 172 545 1299 636; baseline 0.001 -26"><span class='ocrx_word' id='word_1_2' title='bbox 172 550 277 622; x_wconf 72' lang='grc' dir='ltr'><strong><em>σιγᾶτε</em></strong></span> <span class='ocrx_word' id='word_1_3' title='bbox 301 545 343 631; x_wconf 72' lang='grc' dir='ltr'>δή</span> <span class='ocrx_word' id='word_1_4' title='bbox 371 548 448 635; x_wconf 85' lang='lat' dir='ltr'>Lys.</span> <span class='ocrx_word' id='word_1_5' title='bbox 474 547 561 632; x_wconf 77' lang='lat'>7693</span> <span class='ocrx_word' id='word_1_6' title='bbox 593 546 738 630; x_wconf 70' lang='lat' dir='ltr'>norimus</span> <span class='ocrx_word' id='word_1_7' title='bbox 765 546 807 632; x_wconf 74' lang='grc' dir='ltr'>δή</span> <span class='ocrx_word' id='word_1_8' title='bbox 838 549 916 636; x_wconf 84' lang='lat' dir='ltr'>Lys.</span> <span class='ocrx_word' id='word_1_9' title='bbox 934 549 1029 630; x_wconf 73' lang='lat'>&#39;9413</span> <span class='ocrx_word' id='word_1_10' title='bbox 1064 548 1230 634; x_wconf 77' lang='grc' dir='ltr'><strong><em>πρόφαινε</em></strong></span> <span class='ocrx_word' id='word_1_11' title='bbox 1261 549 1299 632; x_wconf 78' lang='grc' dir='ltr'>δή</span> 
     </span>
     <span class='ocr_line' id='line_1_3' title="bbox 172 663 1300 752; baseline 0.001 -22"><span class='ocrx_word' id='word_1_12' title='bbox 172 663 372 749; x_wconf 76' lang='lat' dir='ltr'>Lys.1295;</span> <span class='ocrx_word' id='word_1_13' title='bbox 406 665 511 749; x_wconf 79' lang='grc' dir='ltr'><strong><em>ἔξαιρε</em></strong></span> <span class='ocrx_word' id='word_1_14' title='bbox 535 665 575 751; x_wconf 73' lang='grc' dir='ltr'>δή</span> <span class='ocrx_word' id='word_1_15' title='bbox 604 667 734 735; x_wconf 85' lang='lat' dir='ltr'>Thcsm.</span> <span class='ocrx_word' id='word_1_16' title='bbox 759 667 837 746; x_wconf 76' lang='lat'>9813</span> <span class='ocrx_word' id='word_1_17' title='bbox 870 667 1002 749; x_wconf 76' lang='grc' dir='ltr'><strong><em>ἔμβαινε</em></strong></span> <span class='ocrx_word' id='word_1_18' title='bbox 1030 666 1073 752; x_wconf 73' lang='grc' dir='ltr'>δή</span> <span class='ocrx_word' id='word_1_19' title='bbox 1103 669 1184 733; x_wconf 88' lang='lat' dir='ltr'>Rau.</span> <span class='ocrx_word' id='word_1_20' title='bbox 1220 668 1300 748; x_wconf 79' lang='lat'>1903</span> 
     </span>
     <span class='ocr_line' id='line_1_4' title="bbox 174 783 1298 871; baseline 0.004 -26"><span class='ocrx_word' id='word_1_21' title='bbox 174 784 363 848; x_wconf 66' lang='lat' dir='ltr'>nesundicus</span> <span class='ocrx_word' id='word_1_22' title='bbox 386 783 427 869; x_wconf 80' lang='grc' dir='ltr'>δή</span> <span class='ocrx_word' id='word_1_23' title='bbox 449 785 529 850; x_wconf 88' lang='lat' dir='ltr'>Ran.</span> <span class='ocrx_word' id='word_1_24' title='bbox 543 785 624 857; x_wconf 80' lang='lat'>207;</span> <span class='ocrx_word' id='word_1_25' title='bbox 648 785 699 866; x_wconf 75' lang='grc' dir='ltr'>ἔχε</span> <span class='ocrx_word' id='word_1_26' title='bbox 721 784 763 870; x_wconf 68' lang='grc' dir='ltr'>δή</span> <span class='ocrx_word' id='word_1_27' title='bbox 783 787 864 856; x_wconf 85' lang='lat' dir='ltr'>Rau.</span> <span class='ocrx_word' id='word_1_28' title='bbox 888 787 962 851; x_wconf 79' lang='grc'>270.</span> <span class='ocrx_word' id='word_1_29' title='bbox 988 786 1040 871; x_wconf 86' lang='lat' dir='ltr'>(cf.</span> <span class='ocrx_word' id='word_1_30' title='bbox 1055 787 1124 852; x_wconf 86' lang='lat' dir='ltr'>Ast.</span> <span class='ocrx_word' id='word_1_31' title='bbox 1147 786 1200 852; x_wconf 89' lang='lat' dir='ltr'>ad.</span> <span class='ocrx_word' id='word_1_32' title='bbox 1215 787 1298 852; x_wconf 83' lang='lat' dir='ltr'>Plat.</span> 
     </span>
     <span class='ocr_line' id='line_1_5' title="bbox 174 902 1303 993; baseline 0.002 -26"><span class='ocrx_word' id='word_1_33' title='bbox 174 902 272 989; x_wconf 87' lang='lat' dir='ltr'>Gorg.</span> <span class='ocrx_word' id='word_1_34' title='bbox 296 928 328 992; x_wconf 94' lang='lat' dir='ltr'>p.</span> <span class='ocrx_word' id='word_1_35' title='bbox 350 903 416 968; x_wconf 90' lang='grc'>460</span> <span class='ocrx_word' id='word_1_36' title='bbox 438 903 479 969; x_wconf 88' lang='grc' dir='ltr'>Α.</span> <span class='ocrx_word' id='word_1_37' title='bbox 503 904 634 970; x_wconf 82' lang='lat' dir='ltr'>Heindf.</span> <span class='ocrx_word' id='word_1_38' title='bbox 648 904 690 969; x_wconf 92' lang='lat' dir='ltr'>ad</span> <span class='ocrx_word' id='word_1_39' title='bbox 712 904 795 969; x_wconf 86' lang='lat' dir='ltr'>Plat.</span> <span class='ocrx_word' id='word_1_40' title='bbox 819 905 949 990; x_wconf 87' lang='lat' dir='ltr'>Protag.</span> <span class='ocrx_word' id='word_1_41' title='bbox 966 929 997 993; x_wconf 93' lang='lat' dir='ltr'>p.</span> <span class='ocrx_word' id='word_1_42' title='bbox 1021 905 1085 970; x_wconf 88' lang='grc'>349</span> <span class='ocrx_word' id='word_1_43' title='bbox 1118 906 1194 986; x_wconf 83' lang='grc' dir='ltr'>Β.);</span> <span class='ocrx_word' id='word_1_44' title='bbox 1214 902 1303 969; x_wconf 83' lang='lat' dir='ltr'>o’no·</span> 
     </span>
     <span class='ocr_line' id='line_1_6' title="bbox 174 1019 1302 1107; baseline 0.002 -23"><span class='ocrx_word' id='word_1_45' title='bbox 174 1020 294 1084; x_wconf 70' lang='lat' dir='ltr'>drisode</span> <span class='ocrx_word' id='word_1_46' title='bbox 317 1019 359 1106; x_wconf 71' lang='grc' dir='ltr'>δή</span> <span class='ocrx_word' id='word_1_47' title='bbox 393 1023 473 1088; x_wconf 84' lang='lat' dir='ltr'>Rau.</span> <span class='ocrx_word' id='word_1_48' title='bbox 506 1023 588 1104; x_wconf 89' lang='grc'>641;</span> <span class='ocrx_word' id='word_1_49' title='bbox 621 1022 756 1103; x_wconf 74' lang='grc' dir='ltr'><strong><em>εὐχεσθε</em></strong></span> <span class='ocrx_word' id='word_1_50' title='bbox 785 1021 825 1107; x_wconf 73' lang='grc' dir='ltr'>δή</span> <span class='ocrx_word' id='word_1_51' title='bbox 855 1023 936 1088; x_wconf 91' lang='lat' dir='ltr'>Ran.</span> <span class='ocrx_word' id='word_1_52' title='bbox 970 1022 1050 1105; x_wconf 79' lang='lat'>8853</span> <span class='ocrx_word' id='word_1_53' title='bbox 1085 1025 1229 1104; x_wconf 74' lang='grc' dir='ltr'><strong><em>περιθαῦ</em></strong></span> <span class='ocrx_word' id='word_1_54' title='bbox 1259 1021 1302 1106; x_wconf 70' lang='grc' dir='ltr'>δι]</span> 
     </span>
     <span class='ocr_line' id='line_1_7' title="bbox 174 1138 1305 1230; baseline 0.002 -25"><span class='ocrx_word' id='word_1_55' title='bbox 174 1138 264 1205; x_wconf 85' lang='lat' dir='ltr'>Eccl.</span> <span class='ocrx_word' id='word_1_56' title='bbox 289 1141 367 1225; x_wconf 79' lang='lat'>1303</span> <span class='ocrx_word' id='word_1_57' title='bbox 392 1141 452 1204; x_wconf 88' lang='lat' dir='ltr'>His</span> <span class='ocrx_word' id='word_1_58' title='bbox 475 1140 554 1205; x_wconf 87' lang='lat' dir='ltr'>locis</span> <span class='ocrx_word' id='word_1_59' title='bbox 577 1141 737 1223; x_wconf 90' lang='lat' dir='ltr'>omnibus,</span> <span class='ocrx_word' id='word_1_60' title='bbox 766 1151 862 1230; x_wconf 90' lang='lat' dir='ltr'>prout</span> <span class='ocrx_word' id='word_1_61' title='bbox 883 1141 1081 1228; x_wconf 88' lang='lat' dir='ltr'>loquentium</span> <span class='ocrx_word' id='word_1_62' title='bbox 1106 1144 1233 1207; x_wconf 92' lang='lat' dir='ltr'>animus</span> <span class='ocrx_word' id='word_1_63' title='bbox 1255 1151 1305 1208; x_wconf 88' lang='lat' dir='ltr'>est</span> 
     </span>
     <span class='ocr_line' id='line_1_8' title="bbox 176 1256 1306 1346; baseline 0.004 -25"><span class='ocrx_word' id='word_1_64' title='bbox 176 1267 364 1342; x_wconf 88' lang='lat' dir='ltr'>commotus,</span> <span class='ocrx_word' id='word_1_65' title='bbox 376 1256 417 1343; x_wconf 81' lang='grc' dir='ltr'>δή</span> <span class='ocrx_word' id='word_1_66' title='bbox 427 1281 511 1324; x_wconf 89' lang='lat' dir='ltr'>nunc</span> <span class='ocrx_word' id='word_1_67' title='bbox 528 1262 631 1344; x_wconf 90' lang='lat' dir='ltr'>magis</span> <span class='ocrx_word' id='word_1_68' title='bbox 651 1282 736 1324; x_wconf 89' lang='lat' dir='ltr'>nunc</span> <span class='ocrx_word' id='word_1_69' title='bbox 750 1262 854 1326; x_wconf 89' lang='lat' dir='ltr'>minus</span> <span class='ocrx_word' id='word_1_70' title='bbox 866 1260 957 1324; x_wconf 87' lang='lat' dir='ltr'>effert</span> <span class='ocrx_word' id='word_1_71' title='bbox 970 1261 1155 1346; x_wconf 80' lang='lat' dir='ltr'>imperativi</span> <span class='ocrx_word' id='word_1_72' title='bbox 1170 1264 1247 1343; x_wconf 89' lang='lat' dir='ltr'>vim,</span> <span class='ocrx_word' id='word_1_73' title='bbox 1258 1263 1306 1326; x_wconf 87' lang='lat' dir='ltr'>ita</span> 
     </span>
     <span class='ocr_line' id='line_1_9' title="bbox 174 1374 1301 1464; baseline 0.001 -23"><span class='ocrx_word' id='word_1_74' title='bbox 174 1376 313 1441; x_wconf 86' lang='lat' dir='ltr'>utmodo</span> <span class='ocrx_word' id='word_1_75' title='bbox 330 1374 446 1441; x_wconf 90' lang='lat' dir='ltr'>leniter</span> <span class='ocrx_word' id='word_1_76' title='bbox 459 1375 658 1442; x_wconf 84' lang='lat' dir='ltr'>adhortantis</span> <span class='ocrx_word' id='word_1_77' title='bbox 666 1379 715 1458; x_wconf 83' lang='lat' dir='ltr'>sit,</span> <span class='ocrx_word' id='word_1_78' title='bbox 732 1383 770 1442; x_wconf 90' lang='lat' dir='ltr'>ut</span> <span class='ocrx_word' id='word_1_79' title='bbox 782 1400 809 1439; x_wconf 92' lang='lat' dir='ltr'>e.</span> <span class='ocrx_word' id='word_1_80' title='bbox 826 1401 856 1462; x_wconf 88' lang='lat' dir='ltr'>g.</span> <span class='ocrx_word' id='word_1_81' title='bbox 873 1376 960 1441; x_wconf 82' lang='lat' dir='ltr'>Ecol.</span> <span class='ocrx_word' id='word_1_82' title='bbox 975 1377 1044 1460; x_wconf 88' lang='grc'><strong>130,</strong></span> <span class='ocrx_word' id='word_1_83' title='bbox 1060 1379 1158 1464; x_wconf 86' lang='lat' dir='ltr'>modo</span> <span class='ocrx_word' id='word_1_84' title='bbox 1181 1381 1301 1444; x_wconf 91' lang='lat' dir='ltr'>iratum</span> 
     </span>
     <span class='ocr_line' id='line_1_10' title="bbox 174 1494 1305 1581; baseline 0.002 -23"><span class='ocrx_word' id='word_1_85' title='bbox 174 1496 316 1559; x_wconf 90' lang='lat' dir='ltr'>animum</span> <span class='ocrx_word' id='word_1_86' title='bbox 340 1494 483 1560; x_wconf 83' lang='lat' dir='ltr'>declaret</span> <span class='ocrx_word' id='word_1_87' title='bbox 503 1505 539 1560; x_wconf 89' lang='lat' dir='ltr'>ut</span> <span class='ocrx_word' id='word_1_88' title='bbox 560 1497 640 1561; x_wconf 85' lang='lat' dir='ltr'>Ran.</span> <span class='ocrx_word' id='word_1_89' title='bbox 666 1497 738 1578; x_wconf 83' lang='lat'>190,</span> <span class='ocrx_word' id='word_1_90' title='bbox 761 1494 1041 1581; x_wconf 85' lang='lat' dir='ltr'>(cf.Naegelsb.in</span> <span class='ocrx_word' id='word_1_91' title='bbox 1059 1519 1130 1561; x_wconf 89' lang='lat' dir='ltr'>exc.</span> <span class='ocrx_word' id='word_1_92' title='bbox 1143 1496 1169 1562; x_wconf 92' lang='lat'>1.</span> <span class='ocrx_word' id='word_1_93' title='bbox 1183 1496 1224 1562; x_wconf 93' lang='lat' dir='ltr'>ad</span> <span class='ocrx_word' id='word_1_94' title='bbox 1238 1496 1305 1561; x_wconf 90' lang='lat' dir='ltr'>cal·</span> 
     </span>
     <span class='ocr_line' id='line_1_11' title="bbox 178 1611 1303 1703; baseline 0.005 -27"><span class='ocrx_word' id='word_1_95' title='bbox 178 1633 249 1677; x_wconf 92' lang='lat' dir='ltr'>cem</span> <span class='ocrx_word' id='word_1_96' title='bbox 272 1611 345 1678; x_wconf 91' lang='lat' dir='ltr'>adn.</span> <span class='ocrx_word' id='word_1_97' title='bbox 376 1613 417 1678; x_wconf 89' lang='lat' dir='ltr'>ad</span> <span class='ocrx_word' id='word_1_98' title='bbox 451 1613 489 1678; x_wconf 90' lang='lat' dir='ltr'>Il.</span> <span class='ocrx_word' id='word_1_99' title='bbox 512 1638 543 1701; x_wconf 90' lang='lat' dir='ltr'>p.</span> <span class='ocrx_word' id='word_1_100' title='bbox 565 1613 651 1696; x_wconf 71' lang='lat'>434).</span> <span class='ocrx_word' id='word_1_101' title='bbox 675 1613 828 1680; x_wconf 77' lang='lat' dir='ltr'>Ceterum</span> <span class='ocrx_word' id='word_1_102' title='bbox 848 1637 921 1679; x_wconf 90' lang='lat' dir='ltr'>cum</span> <span class='ocrx_word' id='word_1_103' title='bbox 944 1613 1118 1680; x_wconf 83' lang='lat' dir='ltr'>Schaefero</span> <span class='ocrx_word' id='word_1_104' title='bbox 1150 1616 1303 1703; x_wconf 87' lang='lat' dir='ltr'>(Appart.</span> 
     </span>
     <span class='ocr_line' id='line_1_12' title="bbox 175 1733 1305 1823; baseline -0.002 -23"><span class='ocrx_word' id='word_1_105' title='bbox 175 1735 245 1800; x_wconf 87' lang='lat' dir='ltr'>crit.</span> <span class='ocrx_word' id='word_1_106' title='bbox 269 1734 311 1800; x_wconf 85' lang='lat' dir='ltr'>ad</span> <span class='ocrx_word' id='word_1_107' title='bbox 333 1733 585 1799; x_wconf 83' lang='lat' dir='ltr'>Demosthenem</span> <span class='ocrx_word' id='word_1_108' title='bbox 609 1733 671 1798; x_wconf 92' lang='lat' dir='ltr'>HI.</span> <span class='ocrx_word' id='word_1_109' title='bbox 694 1756 726 1821; x_wconf 88' lang='lat' dir='ltr'>p.</span> <span class='ocrx_word' id='word_1_110' title='bbox 757 1734 825 1816; x_wconf 85' lang='lat'>185)</span> <span class='ocrx_word' id='word_1_111' title='bbox 855 1735 1035 1799; x_wconf 86' lang='lat' dir='ltr'>consentire</span> <span class='ocrx_word' id='word_1_112' title='bbox 1065 1757 1130 1799; x_wconf 90' lang='lat' dir='ltr'>non</span> <span class='ocrx_word' id='word_1_113' title='bbox 1164 1757 1305 1823; x_wconf 90' lang='lat' dir='ltr'>possum,</span> 
     </span>
     <span class='ocr_line' id='line_1_13' title="bbox 176 1851 1305 1940; baseline 0.002 -24"><span class='ocrx_word' id='word_1_114' title='bbox 176 1854 231 1940; x_wconf 91' lang='lat' dir='ltr'>qui</span> <span class='ocrx_word' id='word_1_115' title='bbox 254 1851 334 1917; x_wconf 89' lang='lat' dir='ltr'>nihil</span> <span class='ocrx_word' id='word_1_116' title='bbox 355 1854 509 1917; x_wconf 82' lang='lat' dir='ltr'>interesse</span> <span class='ocrx_word' id='word_1_117' title='bbox 532 1853 616 1918; x_wconf 90' lang='lat' dir='ltr'>inter</span> <span class='ocrx_word' id='word_1_118' title='bbox 637 1855 815 1940; x_wconf 89' lang='lat' dir='ltr'>praesentis</span> <span class='ocrx_word' id='word_1_119' title='bbox 839 1862 871 1917; x_wconf 89' lang='lat' dir='ltr'>et</span> <span class='ocrx_word' id='word_1_120' title='bbox 894 1854 1004 1918; x_wconf 87' lang='lat' dir='ltr'>aoristi</span> <span class='ocrx_word' id='word_1_121' title='bbox 1028 1853 1255 1940; x_wconf 89' lang='lat' dir='ltr'>imperativum</span> <span class='ocrx_word' id='word_1_122' title='bbox 1269 1855 1305 1918; x_wconf 88' lang='lat' dir='ltr'>in</span> 
     </span>
     <span class='ocr_line' id='line_1_14' title="bbox 176 1970 1304 2060; baseline 0.001 -23"><span class='ocrx_word' id='word_1_123' title='bbox 176 1973 226 2038; x_wconf 91' lang='lat' dir='ltr'>his</span> <span class='ocrx_word' id='word_1_124' title='bbox 263 1970 407 2038; x_wconf 71' lang='lat' dir='ltr'>formidis</span> <span class='ocrx_word' id='word_1_125' title='bbox 437 1971 532 2058; x_wconf 91' lang='lat' dir='ltr'>dicit,</span> <span class='ocrx_word' id='word_1_126' title='bbox 562 1983 674 2039; x_wconf 90' lang='lat' dir='ltr'>contra</span> <span class='ocrx_word' id='word_1_127' title='bbox 713 1973 916 2038; x_wconf 76' lang='lat' dir='ltr'>Schdmanno</span> <span class='ocrx_word' id='word_1_128' title='bbox 945 1974 1119 2054; x_wconf 89' lang='lat' dir='ltr'>assentior,</span> <span class='ocrx_word' id='word_1_129' title='bbox 1154 1976 1211 2060; x_wconf 93' lang='lat' dir='ltr'>qui</span> <span class='ocrx_word' id='word_1_130' title='bbox 1246 1973 1304 2052; x_wconf 90' lang='lat' dir='ltr'>(ad</span> 
     </span>
     <span class='ocr_line' id='line_1_15' title="bbox 176 2091 1305 2178; baseline 0 -22"><span class='ocrx_word' id='word_1_131' title='bbox 176 2091 303 2156; x_wconf 89' lang='lat' dir='ltr'>lsaeum</span> <span class='ocrx_word' id='word_1_132' title='bbox 325 2113 356 2178; x_wconf 92' lang='lat' dir='ltr'>p.</span> <span class='ocrx_word' id='word_1_133' title='bbox 380 2091 458 2174; x_wconf 81' lang='lat'>235)</span> <span class='ocrx_word' id='word_1_134' title='bbox 481 2112 675 2178; x_wconf 87' lang='lat' dir='ltr'>quamquam</span> <span class='ocrx_word' id='word_1_135' title='bbox 697 2091 927 2171; x_wconf 88' lang='lat' dir='ltr'>tenuissimum,</span> <span class='ocrx_word' id='word_1_136' title='bbox 960 2099 1068 2155; x_wconf 86' lang='lat' dir='ltr'>tamen</span> <span class='ocrx_word' id='word_1_137' title='bbox 1090 2097 1217 2156; x_wconf 87' lang='lat' dir='ltr'>certum</span> <span class='ocrx_word' id='word_1_138' title='bbox 1241 2091 1305 2156; x_wconf 91' lang='lat' dir='ltr'>dis·</span> 
     </span>
     <span class='ocr_line' id='line_1_16' title="bbox 176 2208 1304 2297; baseline 0.003 -23"><span class='ocrx_word' id='word_1_139' title='bbox 176 2211 298 2275; x_wconf 84' lang='lat' dir='ltr'>crimen</span> <span class='ocrx_word' id='word_1_140' title='bbox 319 2212 472 2275; x_wconf 82' lang='lat' dir='ltr'>interesse</span> <span class='ocrx_word' id='word_1_141' title='bbox 494 2212 613 2292; x_wconf 78' lang='lat' dir='ltr'>statuit,</span> <span class='ocrx_word' id='word_1_142' title='bbox 634 2211 680 2273; x_wconf 85' lang='lat' dir='ltr'>ita</span> <span class='ocrx_word' id='word_1_143' title='bbox 702 2216 811 2274; x_wconf 90' lang='lat' dir='ltr'>utnon</span> <span class='ocrx_word' id='word_1_144' title='bbox 826 2231 886 2296; x_wconf 89' lang='lat' dir='ltr'>pro</span> <span class='ocrx_word' id='word_1_145' title='bbox 898 2208 1010 2290; x_wconf 91' lang='lat' dir='ltr'>lubitu,</span> <span class='ocrx_word' id='word_1_146' title='bbox 1033 2208 1091 2274; x_wconf 90' lang='lat' dir='ltr'>sed</span> <span class='ocrx_word' id='word_1_147' title='bbox 1110 2233 1170 2297; x_wconf 90' lang='lat' dir='ltr'>pro</span> <span class='ocrx_word' id='word_1_148' title='bbox 1187 2213 1304 2277; x_wconf 88' lang='lat' dir='ltr'>affectu</span> 
     </span>
    </p>
   </div>
   <div class='ocr_carea' id='block_1_3' title="bbox 176 2328 1428 2418">
    <p class='ocr_par' dir='ltr' id='par_1_3' title="bbox 176 2328 1428 2418">
     <span class='ocr_line' id='line_1_17' title="bbox 176 2328 1428 2418; baseline 0 -23"><span class='ocrx_word' id='word_1_149' title='bbox 176 2330 375 2417; x_wconf 89' lang='lat' dir='ltr'>loquentium</span> <span class='ocrx_word' id='word_1_150' title='bbox 404 2330 505 2416; x_wconf 89' lang='lat' dir='ltr'>possit</span> <span class='ocrx_word' id='word_1_151' title='bbox 532 2328 634 2392; x_wconf 89' lang='lat' dir='ltr'>oratio</span> <span class='ocrx_word' id='word_1_152' title='bbox 674 2329 803 2392; x_wconf 88' lang='lat' dir='ltr'>variari.</span> <span class='ocrx_word' id='word_1_153' title='bbox 856 2329 1089 2415; x_wconf 82' lang='lat' dir='ltr'>Gonjunctivus</span> <span class='ocrx_word' id='word_1_154' title='bbox 1117 2332 1302 2418; x_wconf 85' lang='lat' dir='ltr'>imperativi</span> <span class='ocrx_word' id='word_1_155' title='bbox 1427 2363 1428 2370; x_wconf 28' lang='grc' dir='ltr'><strong><em>ι</em></strong></span> 
     </span>
    </p>
   </div>
   <div class='ocr_carea' id='block_1_4' title="bbox 176 2445 1302 2652">
    <p class='ocr_par' dir='ltr' id='par_1_4' title="bbox 176 2445 1302 2652">
     <span class='ocr_line' id='line_1_18' title="bbox 176 2445 1302 2537; baseline 0 -24"><span class='ocrx_word' id='word_1_156' title='bbox 176 2452 300 2537; x_wconf 80' lang='lat' dir='ltr'>primae</span> <span class='ocrx_word' id='word_1_157' title='bbox 322 2469 478 2536; x_wconf 90' lang='lat' dir='ltr'>personae</span> <span class='ocrx_word' id='word_1_158' title='bbox 509 2446 581 2511; x_wconf 92' lang='lat' dir='ltr'>loco</span> <span class='ocrx_word' id='word_1_159' title='bbox 611 2468 683 2511; x_wconf 90' lang='lat' dir='ltr'>cum</span> <span class='ocrx_word' id='word_1_160' title='bbox 711 2445 870 2534; x_wconf 90' lang='lat' dir='ltr'>particula</span> <span class='ocrx_word' id='word_1_161' title='bbox 894 2446 935 2532; x_wconf 79' lang='grc' dir='ltr'>δή</span> <span class='ocrx_word' id='word_1_162' title='bbox 965 2449 1154 2534; x_wconf 89' lang='lat' dir='ltr'>conjunctus</span> <span class='ocrx_word' id='word_1_163' title='bbox 1186 2449 1302 2536; x_wconf 87' lang='lat' dir='ltr'>legitur</span> 
     </span>
     <span class='ocr_line' id='line_1_19' title="bbox 176 2564 892 2652; baseline -0.007 -19"><span class='ocrx_word' id='word_1_164' title='bbox 176 2569 253 2634; x_wconf 89' lang='lat' dir='ltr'>Pac.</span> <span class='ocrx_word' id='word_1_165' title='bbox 276 2567 349 2632; x_wconf 85' lang='lat'><strong>973.</strong></span> <span class='ocrx_word' id='word_1_166' title='bbox 373 2567 500 2632; x_wconf 88' lang='lat' dir='ltr'>Thesm.</span> <span class='ocrx_word' id='word_1_167' title='bbox 523 2565 598 2631; x_wconf 81' lang='lat'><strong>802.</strong></span> <span class='ocrx_word' id='word_1_168' title='bbox 619 2565 696 2652; x_wconf 88' lang='lat' dir='ltr'>Lys.</span> <span class='ocrx_word' id='word_1_169' title='bbox 720 2566 794 2630; x_wconf 78' lang='lat'>312.</span> <span class='ocrx_word' id='word_1_170' title='bbox 818 2564 892 2631; x_wconf 84' lang='lat'>358.</span> 
     </span>
    </p>
   </div>
   <div class='ocr_carea' id='block_1_5' title="bbox 263 2682 1429 2775">
    <p class='ocr_par' dir='ltr' id='par_1_5' title="bbox 263 2682 1429 2775">
     <span class='ocr_line' id='line_1_20' title="bbox 263 2682 1429 2775; baseline 0.003 -25"><span class='ocrx_word' id='word_1_171' title='bbox 263 2686 468 2775; x_wconf 85' lang='lat' dir='ltr'>imperativis</span> <span class='ocrx_word' id='word_1_172' title='bbox 498 2707 578 2750; x_wconf 91' lang='lat' dir='ltr'>voce</span> <span class='ocrx_word' id='word_1_173' title='bbox 602 2682 643 2769; x_wconf 64' lang='lat' dir='ltr'>dri</span> <span class='ocrx_word' id='word_1_174' title='bbox 675 2685 777 2749; x_wconf 89' lang='lat' dir='ltr'>auctis</span> <span class='ocrx_word' id='word_1_175' title='bbox 806 2686 926 2773; x_wconf 88' lang='lat' dir='ltr'>optime</span> <span class='ocrx_word' id='word_1_176' title='bbox 954 2685 1193 2771; x_wconf 86' lang='lat' dir='ltr'>subjunguntur</span> <span class='ocrx_word' id='word_1_177' title='bbox 1232 2685 1303 2769; x_wconf 91' lang='lat' dir='ltr'>loci,</span> <span class='ocrx_word' id='word_1_178' title='bbox 1428 2709 1429 2714; x_wconf 51' lang='lat'>¹</span> 
     </span>
    </p>
   </div>
   <div class='ocr_carea' id='block_1_6' title="bbox 177 2801 1316 4428">
    <p class='ocr_par' dir='ltr' id='par_1_6' title="bbox 177 2801 1316 4428">
     <span class='ocr_line' id='line_1_21' title="bbox 179 2801 1304 2895; baseline 0 -25"><span class='ocrx_word' id='word_1_179' title='bbox 179 2805 296 2895; x_wconf 91' lang='lat' dir='ltr'>quibus</span> <span class='ocrx_word' id='word_1_180' title='bbox 318 2802 359 2888; x_wconf 77' lang='grc' dir='ltr'>δή</span> <span class='ocrx_word' id='word_1_181' title='bbox 382 2803 541 2893; x_wconf 89' lang='lat' dir='ltr'>particula</span> <span class='ocrx_word' id='word_1_182' title='bbox 573 2803 790 2887; x_wconf 80' lang='lat' dir='ltr'>substantivis,</span> <span class='ocrx_word' id='word_1_183' title='bbox 818 2801 1002 2890; x_wconf 81' lang='lat' dir='ltr'>adjectivis,</span> <span class='ocrx_word' id='word_1_184' title='bbox 1032 2803 1215 2887; x_wconf 84' lang='lat' dir='ltr'>adverbiis,</span> <span class='ocrx_word' id='word_1_185' title='bbox 1251 2805 1304 2870; x_wconf 91' lang='lat' dir='ltr'>de·</span> 
     </span>
     <span class='ocr_line' id='line_1_22' title="bbox 178 2919 1305 3013; baseline -0.003 -23"><span class='ocrx_word' id='word_1_186' title='bbox 178 2930 276 3013; x_wconf 91' lang='lat' dir='ltr'>nique</span> <span class='ocrx_word' id='word_1_187' title='bbox 299 2922 420 3005; x_wconf 87' lang='lat' dir='ltr'>verbis,</span> <span class='ocrx_word' id='word_1_188' title='bbox 442 2923 488 2987; x_wconf 89' lang='lat' dir='ltr'>ita</span> <span class='ocrx_word' id='word_1_189' title='bbox 510 2920 711 3004; x_wconf 90' lang='lat' dir='ltr'>adnectitur,</span> <span class='ocrx_word' id='word_1_190' title='bbox 732 2922 846 2985; x_wconf 82' lang='lat' dir='ltr'>utoni</span> <span class='ocrx_word' id='word_1_191' title='bbox 868 2921 970 2986; x_wconf 91' lang='lat' dir='ltr'>verbo</span> <span class='ocrx_word' id='word_1_192' title='bbox 1003 2919 1116 2986; x_wconf 84' lang='lat' dir='ltr'>addita</span> <span class='ocrx_word' id='word_1_193' title='bbox 1138 2926 1206 3004; x_wconf 90' lang='lat' dir='ltr'>ejus</span> <span class='ocrx_word' id='word_1_194' title='bbox 1238 2925 1305 2987; x_wconf 88' lang='lat' dir='ltr'>vim</span> 
     </span>
     <span class='ocr_line' id='line_1_23' title="bbox 177 3039 1306 3128; baseline -0.004 -19"><span class='ocrx_word' id='word_1_195' title='bbox 177 3052 302 3128; x_wconf 86' lang='lat' dir='ltr'>urgeat,</span> <span class='ocrx_word' id='word_1_196' title='bbox 325 3064 388 3128; x_wconf 89' lang='lat' dir='ltr'>qua</span> <span class='ocrx_word' id='word_1_197' title='bbox 409 3043 443 3105; x_wconf 91' lang='lat' dir='ltr'>in</span> <span class='ocrx_word' id='word_1_198' title='bbox 464 3063 500 3105; x_wconf 85' lang='lat' dir='ltr'>re</span> <span class='ocrx_word' id='word_1_199' title='bbox 522 3062 649 3127; x_wconf 88' lang='lat' dir='ltr'>semper</span> <span class='ocrx_word' id='word_1_200' title='bbox 669 3039 845 3103; x_wconf 89' lang='lat' dir='ltr'>tenendum</span> <span class='ocrx_word' id='word_1_201' title='bbox 862 3049 918 3121; x_wconf 71' lang='lat' dir='ltr'>est,</span> <span class='ocrx_word' id='word_1_202' title='bbox 939 3041 1130 3126; x_wconf 87' lang='lat' dir='ltr'>particulam</span> <span class='ocrx_word' id='word_1_203' title='bbox 1151 3062 1217 3104; x_wconf 90' lang='lat' dir='ltr'>non</span> <span class='ocrx_word' id='word_1_204' title='bbox 1238 3049 1306 3104; x_wconf 90' lang='lat' dir='ltr'>tam</span> 
     </span>
     <span class='ocr_line' id='line_1_24' title="bbox 179 3157 1306 3246; baseline -0.003 -19"><span class='ocrx_word' id='word_1_205' title='bbox 179 3162 221 3227; x_wconf 92' lang='lat' dir='ltr'>ad</span> <span class='ocrx_word' id='word_1_206' title='bbox 244 3182 343 3225; x_wconf 90' lang='lat' dir='ltr'>unum</span> <span class='ocrx_word' id='word_1_207' title='bbox 365 3157 444 3224; x_wconf 88' lang='lat' dir='ltr'>illud</span> <span class='ocrx_word' id='word_1_208' title='bbox 467 3157 603 3223; x_wconf 89' lang='lat' dir='ltr'>verbum</span> <span class='ocrx_word' id='word_1_209' title='bbox 627 3157 776 3244; x_wconf 87' lang='lat' dir='ltr'>quamad</span> <span class='ocrx_word' id='word_1_210' title='bbox 797 3164 899 3222; x_wconf 85' lang='lat' dir='ltr'>totum</span> <span class='ocrx_word' id='word_1_211' title='bbox 912 3160 1109 3223; x_wconf 87' lang='lat' dir='ltr'>enuntiatum</span> <span class='ocrx_word' id='word_1_212' title='bbox 1132 3161 1306 3246; x_wconf 88' lang='lat' dir='ltr'>pertinere.</span> 
     </span>
     <span class='ocr_line' id='line_1_25' title="bbox 179 3275 1308 3365; baseline 0 -21"><span class='ocrx_word' id='word_1_213' title='bbox 179 3280 286 3362; x_wconf 81' lang='lat' dir='ltr'>Quum</span> <span class='ocrx_word' id='word_1_214' title='bbox 309 3280 393 3343; x_wconf 87' lang='lat' dir='ltr'>enim</span> <span class='ocrx_word' id='word_1_215' title='bbox 416 3286 488 3365; x_wconf 90' lang='lat' dir='ltr'>post</span> <span class='ocrx_word' id='word_1_216' title='bbox 508 3276 643 3342; x_wconf 90' lang='lat' dir='ltr'>verbum</span> <span class='ocrx_word' id='word_1_217' title='bbox 665 3275 744 3341; x_wconf 90' lang='lat' dir='ltr'>illud</span> <span class='ocrx_word' id='word_1_218' title='bbox 767 3276 958 3363; x_wconf 82' lang='lat' dir='ltr'>particulam</span> <span class='ocrx_word' id='word_1_219' title='bbox 981 3275 1023 3360; x_wconf 81' lang='grc' dir='ltr'>δή</span> <span class='ocrx_word' id='word_1_220' title='bbox 1040 3299 1161 3364; x_wconf 89' lang='lat' dir='ltr'>ponere</span> <span class='ocrx_word' id='word_1_221' title='bbox 1184 3279 1308 3344; x_wconf 80' lang='lat' dir='ltr'>soleant</span> 
     </span>
     <span class='ocr_line' id='line_1_26' title="bbox 180 3394 1308 3484; baseline -0.003 -21"><span class='ocrx_word' id='word_1_222' title='bbox 180 3397 316 3480; x_wconf 83' lang='lat' dir='ltr'>Graeci,</span> <span class='ocrx_word' id='word_1_223' title='bbox 344 3395 432 3484; x_wconf 90' lang='lat' dir='ltr'>quod</span> <span class='ocrx_word' id='word_1_224' title='bbox 454 3397 486 3459; x_wconf 92' lang='lat' dir='ltr'>vi</span> <span class='ocrx_word' id='word_1_225' title='bbox 510 3418 568 3460; x_wconf 86' lang='lat' dir='ltr'>sua</span> <span class='ocrx_word' id='word_1_226' title='bbox 591 3394 721 3459; x_wconf 88' lang='lat' dir='ltr'>excellit</span> <span class='ocrx_word' id='word_1_227' title='bbox 742 3396 776 3459; x_wconf 90' lang='lat' dir='ltr'>in</span> <span class='ocrx_word' id='word_1_228' title='bbox 804 3397 983 3476; x_wconf 87' lang='lat' dir='ltr'>enuntiato,</span> <span class='ocrx_word' id='word_1_229' title='bbox 1011 3396 1142 3482; x_wconf 90' lang='lat' dir='ltr'>proprie</span> <span class='ocrx_word' id='word_1_230' title='bbox 1173 3395 1308 3483; x_wconf 92' lang='lat' dir='ltr'>quidem</span> 
     </span>
     <span class='ocr_line' id='line_1_27' title="bbox 180 3511 1316 3604; baseline 0.001 -25"><span class='ocrx_word' id='word_1_231' title='bbox 180 3514 220 3601; x_wconf 80' lang='grc' dir='ltr'>δή</span> <span class='ocrx_word' id='word_1_232' title='bbox 237 3516 332 3604; x_wconf 90' lang='lat' dir='ltr'>hujus</span> <span class='ocrx_word' id='word_1_233' title='bbox 356 3515 449 3581; x_wconf 88' lang='lat' dir='ltr'>verbi</span> <span class='ocrx_word' id='word_1_234' title='bbox 473 3515 539 3579; x_wconf 90' lang='lat' dir='ltr'>vim</span> <span class='ocrx_word' id='word_1_235' title='bbox 562 3522 667 3599; x_wconf 85' lang='lat' dir='ltr'>auget,</span> <span class='ocrx_word' id='word_1_236' title='bbox 689 3511 746 3577; x_wconf 90' lang='lat' dir='ltr'>sed</span> <span class='ocrx_word' id='word_1_237' title='bbox 769 3514 823 3596; x_wconf 88' lang='lat' dir='ltr'>ita,</span> <span class='ocrx_word' id='word_1_238' title='bbox 845 3522 881 3578; x_wconf 88' lang='lat' dir='ltr'>ut</span> <span class='ocrx_word' id='word_1_239' title='bbox 902 3537 961 3600; x_wconf 89' lang='lat' dir='ltr'>per</span> <span class='ocrx_word' id='word_1_240' title='bbox 974 3512 1053 3579; x_wconf 90' lang='lat' dir='ltr'>illud</span> <span class='ocrx_word' id='word_1_241' title='bbox 1064 3514 1200 3579; x_wconf 89' lang='lat' dir='ltr'>verbum</span> <span class='ocrx_word' id='word_1_242' title='bbox 1212 3515 1316 3580; x_wconf 85' lang='lat' dir='ltr'>simul¹</span> 
     </span>
     <span class='ocr_line' id='line_1_28' title="bbox 179 3631 1308 3722; baseline -0.001 -22"><span class='ocrx_word' id='word_1_243' title='bbox 179 3638 245 3700; x_wconf 89' lang='lat' dir='ltr'>vim</span> <span class='ocrx_word' id='word_1_244' title='bbox 269 3657 358 3700; x_wconf 88' lang='lat' dir='ltr'>suam</span> <span class='ocrx_word' id='word_1_245' title='bbox 383 3643 534 3698; x_wconf 86' lang='lat' dir='ltr'>exerceat</span> <span class='ocrx_word' id='word_1_246' title='bbox 556 3633 591 3696; x_wconf 92' lang='lat' dir='ltr'>in</span> <span class='ocrx_word' id='word_1_247' title='bbox 612 3641 713 3697; x_wconf 88' lang='lat' dir='ltr'>totum</span> <span class='ocrx_word' id='word_1_248' title='bbox 737 3633 946 3697; x_wconf 90' lang='lat' dir='ltr'>enuntiatum.</span> <span class='ocrx_word' id='word_1_249' title='bbox 992 3631 1193 3698; x_wconf 86' lang='lat' dir='ltr'>Substantivi</span> <span class='ocrx_word' id='word_1_250' title='bbox 1215 3657 1308 3722; x_wconf 91' lang='lat' dir='ltr'>prae-</span> 
     </span>
     <span class='ocr_line' id='line_1_29' title="bbox 180 3750 1309 3840; baseline 0 -22"><span class='ocrx_word' id='word_1_251' title='bbox 180 3753 323 3819; x_wconf 85' lang='lat' dir='ltr'>cedentis</span> <span class='ocrx_word' id='word_1_252' title='bbox 346 3754 411 3817; x_wconf 89' lang='lat' dir='ltr'>vim</span> <span class='ocrx_word' id='word_1_253' title='bbox 434 3761 551 3838; x_wconf 89' lang='lat' dir='ltr'>urguet</span> <span class='ocrx_word' id='word_1_254' title='bbox 572 3751 731 3837; x_wconf 88' lang='lat' dir='ltr'>particula</span> <span class='ocrx_word' id='word_1_255' title='bbox 752 3750 834 3816; x_wconf 87' lang='lat' dir='ltr'>Ach.</span> <span class='ocrx_word' id='word_1_256' title='bbox 860 3751 942 3834; x_wconf 81' lang='lat'>695,</span> <span class='ocrx_word' id='word_1_257' title='bbox 974 3752 1031 3817; x_wconf 90' lang='lat' dir='ltr'>ubi</span> <span class='ocrx_word' id='word_1_258' title='bbox 1054 3755 1143 3840; x_wconf 90' lang='lat' dir='ltr'>prius</span> <span class='ocrx_word' id='word_1_259' title='bbox 1166 3751 1208 3836; x_wconf 73' lang='grc' dir='ltr'>δή</span> <span class='ocrx_word' id='word_1_260' title='bbox 1237 3775 1309 3836; x_wconf 90' lang='lat' dir='ltr'>per-</span> 
     </span>
     <span class='ocr_line' id='line_1_30' title="bbox 178 3847 1309 3956; baseline -0.001 -19"><span class='ocrx_word' id='word_1_261' title='bbox 178 3872 260 3937; x_wconf 85' lang='lat' dir='ltr'>tinet</span> <span class='ocrx_word' id='word_1_262' title='bbox 280 3870 323 3936; x_wconf 93' lang='lat' dir='ltr'>ad</span> <span class='ocrx_word' id='word_1_263' title='bbox 345 3870 541 3956; x_wconf 87' lang='lat' dir='ltr'>adjectivum</span> <span class='ocrx_word' id='word_1_264' title='bbox 563 3847 680 3951; x_wconf 68' lang='lat' dir='ltr'>uitta,</span> <span class='ocrx_word' id='word_1_265' title='bbox 702 3849 844 3935; x_wconf 84' lang='lat' dir='ltr'>alterum</span> <span class='ocrx_word' id='word_1_266' title='bbox 861 3881 967 3935; x_wconf 87' lang='lat' dir='ltr'>autem</span> <span class='ocrx_word' id='word_1_267' title='bbox 991 3870 1033 3934; x_wconf 89' lang='lat' dir='ltr'>ad</span> <span class='ocrx_word' id='word_1_268' title='bbox 1057 3867 1186 3955; x_wconf 75' lang='grc' dir='ltr'><strong><em>ἱδρῶτα,</em></strong></span> <span class='ocrx_word' id='word_1_269' title='bbox 1212 3871 1309 3936; x_wconf 90' lang='lat' dir='ltr'>simul</span> 
     </span>
     <span class='ocr_line' id='line_1_31' title="bbox 180 3987 1310 4075; baseline -0.002 -18"><span class='ocrx_word' id='word_1_270' title='bbox 180 3992 237 4057; x_wconf 87' lang='lat' dir='ltr'>toti</span> <span class='ocrx_word' id='word_1_271' title='bbox 261 3991 425 4055; x_wconf 90' lang='lat' dir='ltr'>enuntiato</span> <span class='ocrx_word' id='word_1_272' title='bbox 448 3987 714 4075; x_wconf 82' lang='lat' dir='ltr'>significationem</span> <span class='ocrx_word' id='word_1_273' title='bbox 747 3987 886 4071; x_wconf 86' lang='lat' dir='ltr'>addens,</span> <span class='ocrx_word' id='word_1_274' title='bbox 919 4010 989 4052; x_wconf 88' lang='lat' dir='ltr'>rem</span> <span class='ocrx_word' id='word_1_275' title='bbox 1009 3999 1116 4055; x_wconf 89' lang='lat' dir='ltr'>notam</span> <span class='ocrx_word' id='word_1_276' title='bbox 1146 3999 1179 4054; x_wconf 91' lang='lat' dir='ltr'>et</span> <span class='ocrx_word' id='word_1_277' title='bbox 1207 3991 1310 4054; x_wconf 90' lang='lat' dir='ltr'>mani-</span> 
     </span>
     <span class='ocr_line' id='line_1_32' title="bbox 179 4106 1308 4195; baseline -0.002 -21"><span class='ocrx_word' id='word_1_278' title='bbox 179 4112 294 4175; x_wconf 88' lang='lat' dir='ltr'>festam</span> <span class='ocrx_word' id='word_1_279' title='bbox 317 4129 400 4189; x_wconf 89' lang='lat' dir='ltr'>esse,</span> <span class='ocrx_word' id='word_1_280' title='bbox 424 4131 487 4195; x_wconf 89' lang='lat' dir='ltr'>qua</span> <span class='ocrx_word' id='word_1_281' title='bbox 511 4107 551 4170; x_wconf 93' lang='lat' dir='ltr'>de</span> <span class='ocrx_word' id='word_1_282' title='bbox 574 4127 609 4170; x_wconf 91' lang='lat' dir='ltr'>re</span> <span class='ocrx_word' id='word_1_283' title='bbox 633 4127 730 4170; x_wconf 91' lang='lat' dir='ltr'>causa</span> <span class='ocrx_word' id='word_1_284' title='bbox 751 4128 814 4170; x_wconf 88' lang='lat' dir='ltr'>non</span> <span class='ocrx_word' id='word_1_285' title='bbox 838 4116 924 4188; x_wconf 90' lang='lat' dir='ltr'>erat,</span> <span class='ocrx_word' id='word_1_286' title='bbox 947 4107 1034 4193; x_wconf 94' lang='lat' dir='ltr'>quod</span> <span class='ocrx_word' id='word_1_287' title='bbox 1058 4106 1098 4172; x_wconf 93' lang='lat' dir='ltr'>de</span> <span class='ocrx_word' id='word_1_288' title='bbox 1121 4107 1182 4172; x_wconf 90' lang='lat' dir='ltr'>hoc</span> <span class='ocrx_word' id='word_1_289' title='bbox 1205 4107 1308 4173; x_wconf 88' lang='lat' dir='ltr'>altero</span> 
     </span>
     <span class='ocr_line' id='line_1_33' title="bbox 179 4222 1306 4314; baseline 0 -23"><span class='ocrx_word' id='word_1_290' title='bbox 179 4226 221 4312; x_wconf 77' lang='grc' dir='ltr'>δή</span> <span class='ocrx_word' id='word_1_291' title='bbox 243 4227 458 4314; x_wconf 89' lang='lat' dir='ltr'>suspicionem</span> <span class='ocrx_word' id='word_1_292' title='bbox 491 4232 637 4290; x_wconf 89' lang='lat' dir='ltr'>moveret</span> <span class='ocrx_word' id='word_1_293' title='bbox 658 4222 856 4289; x_wconf 83' lang='lat' dir='ltr'>Fritzschius</span> <span class='ocrx_word' id='word_1_294' title='bbox 890 4224 1000 4308; x_wconf 85' lang='lat' dir='ltr'>(Jahn.</span> <span class='ocrx_word' id='word_1_295' title='bbox 1023 4224 1141 4291; x_wconf 83' lang='lat' dir='ltr'>Annal.</span> <span class='ocrx_word' id='word_1_296' title='bbox 1167 4226 1251 4291; x_wconf 80' lang='lat'>1829</span> <span class='ocrx_word' id='word_1_297' title='bbox 1273 4249 1306 4313; x_wconf 85' lang='lat' dir='ltr'>p.</span> 
     </span>
     <span class='ocr_line' id='line_1_34' title="bbox 184 4341 1307 4428; baseline -0.002 -18"><span class='ocrx_word' id='word_1_298' title='bbox 184 4349 248 4426; x_wconf 88' lang='lat'>11).</span> <span class='ocrx_word' id='word_1_299' title='bbox 294 4343 418 4409; x_wconf 79' lang='lat' dir='ltr'>Eadem</span> <span class='ocrx_word' id='word_1_300' title='bbox 444 4351 492 4407; x_wconf 88' lang='lat' dir='ltr'>est</span> <span class='ocrx_word' id='word_1_301' title='bbox 514 4344 595 4407; x_wconf 87' lang='lat' dir='ltr'>ratio</span> <span class='ocrx_word' id='word_1_302' title='bbox 619 4341 679 4427; x_wconf 72' lang='lat' dir='ltr'>Rq.</span> <span class='ocrx_word' id='word_1_303' title='bbox 703 4363 735 4404; x_wconf 89' lang='lat' dir='ltr'>v.</span> <span class='ocrx_word' id='word_1_304' title='bbox 758 4341 850 4407; x_wconf 75' lang='lat'>1387.</span> <span class='ocrx_word' id='word_1_305' title='bbox 873 4341 960 4408; x_wconf 85' lang='lat' dir='ltr'>Nub.</span> <span class='ocrx_word' id='word_1_306' title='bbox 983 4366 1012 4406; x_wconf 93' lang='lat' dir='ltr'>v.</span> <span class='ocrx_word' id='word_1_307' title='bbox 1038 4343 1080 4408; x_wconf 87' lang='grc'>62</span> <span class='ocrx_word' id='word_1_308' title='bbox 1101 4343 1156 4408; x_wconf 91' lang='lat' dir='ltr'>ubi</span> <span class='ocrx_word' id='word_1_309' title='bbox 1182 4342 1221 4428; x_wconf 76' lang='grc' dir='ltr'>δή</span> <span class='ocrx_word' id='word_1_310' title='bbox 1243 4367 1307 4410; x_wconf 87' lang='lat' dir='ltr'>vox</span> 
     </span>
    </p>
   </div>
   <div class='ocr_carea' id='block_1_7' title="bbox 0 0 1448 4910">
    <p class='ocr_par' dir='ltr' id='par_1_7' title="bbox 0 0 1448 4910">
     <span class='ocr_line' id='line_1_35' title="bbox 0 0 1448 4910; baseline 0 0"><span class='ocrx_word' id='word_1_311' title='bbox 0 0 1448 4910; x_wconf 95' lang='lat' dir='ltr'> </span> 
     </span>
    </p>
   </div>
  </div>
 </body>
</html>
