<?xml version="1.0" encoding="UTF-8"?>
<!DOCTYPE html PUBLIC "-//W3C//DTD XHTML 1.0 Transitional//EN"
    "http://www.w3.org/TR/xhtml1/DTD/xhtml1-transitional.dtd">
<html xmlns="http://www.w3.org/1999/xhtml" xml:lang="en" lang="en">
 <head>
  <title>
</title>
<meta http-equiv="Content-Type" content="text/html;charset=utf-8" />
  <meta name='ocr-system' content='tesseract 3.04.00' />
  <meta name='ocr-capabilities' content='ocr_page ocr_carea ocr_par ocr_line ocrx_word'/>
</head>
<body>
  <div class='ocr_page' id='page_1' title='image "./quaestionesaris00wehrgoog_0027.png"; bbox 0 0 2874 4910; ppageno 0'>
   <div class='ocr_carea' id='block_1_1' title="bbox 725 340 768 406">
    <p class='ocr_par' dir='ltr' id='par_1_1' title="bbox 725 340 768 406">
     <span class='ocr_line' id='line_1_1' title="bbox 725 340 768 406; baseline 0 0"><span class='ocrx_word' id='word_1_1' title='bbox 725 340 768 406; x_wconf 89' lang='grc'><strong>22</strong></span> 
     </span>
    </p>
   </div>
   <div class='ocr_carea' id='block_1_2' title="bbox 147 518 1330 1079">
    <p class='ocr_par' dir='ltr' id='par_1_2' title="bbox 147 518 1330 1079">
     <span class='ocr_line' id='line_1_2' title="bbox 182 518 1330 610; baseline 0.002 -22"><span class='ocrx_word' id='word_1_2' title='bbox 182 524 241 604; x_wconf 87' lang='lat' dir='ltr'><strong>rio,</strong></span> <span class='ocrx_word' id='word_1_3' title='bbox 264 522 291 586; x_wconf 86' lang='lat' dir='ltr'><strong>si</strong></span> <span class='ocrx_word' id='word_1_4' title='bbox 315 520 549 603; x_wconf 77' lang='lat' dir='ltr'><strong>Fritascbium,</strong></span> <span class='ocrx_word' id='word_1_5' title='bbox 585 520 767 605; x_wconf 83' lang='lat' dir='ltr'><strong>Engerum,</strong></span> <span class='ocrx_word' id='word_1_6' title='bbox 789 518 984 604; x_wconf 84' lang='lat' dir='ltr'><strong>Bergkium,</strong></span> <span class='ocrx_word' id='word_1_7' title='bbox 1005 521 1155 604; x_wconf 83' lang='lat' dir='ltr'><strong>genuino.</strong></span> <span class='ocrx_word' id='word_1_8' title='bbox 1199 520 1330 610; x_wconf 80' lang='lat' dir='ltr'><strong>Atque</strong></span> 
     </span>
     <span class='ocr_line' id='line_1_3' title="bbox 181 635 1327 724; baseline 0.005 -22"><span class='ocrx_word' id='word_1_9' title='bbox 181 638 363 703; x_wconf 87' lang='lat' dir='ltr'><strong>tenentibus</strong></span> <span class='ocrx_word' id='word_1_10' title='bbox 384 638 477 704; x_wconf 88' lang='lat' dir='ltr'><strong>nobie</strong></span> <span class='ocrx_word' id='word_1_11' title='bbox 497 639 559 719; x_wconf 78' lang='grc' dir='ltr'><strong>μὲν</strong></span> <span class='ocrx_word' id='word_1_12' title='bbox 579 636 768 724; x_wconf 81' lang='lat' dir='ltr'><strong>particulam</strong></span> <span class='ocrx_word' id='word_1_13' title='bbox 791 636 910 722; x_wconf 86' lang='lat' dir='ltr'><strong>prioris</strong></span> <span class='ocrx_word' id='word_1_14' title='bbox 921 635 1058 701; x_wconf 88' lang='lat' dir='ltr'><strong>membri</strong></span> <span class='ocrx_word' id='word_1_15' title='bbox 1082 651 1151 703; x_wconf 86' lang='lat' dir='ltr'><strong>esse</strong></span> <span class='ocrx_word' id='word_1_16' title='bbox 1171 640 1327 708; x_wconf 84' lang='lat' dir='ltr'><strong>affirma-</strong></span> 
     </span>
     <span class='ocr_line' id='line_1_4' title="bbox 147 743 1325 846; baseline 0.003 -26"><span class='ocrx_word' id='word_1_17' title='bbox 147 743 153 756; x_wconf 75' lang='grc'><strong>’</strong></span> <span class='ocrx_word' id='word_1_18' title='bbox 182 757 282 822; x_wconf 87' lang='lat' dir='ltr'><strong>tivam</strong></span> <span class='ocrx_word' id='word_1_19' title='bbox 303 764 359 822; x_wconf 88' lang='lat' dir='ltr'><strong>aut</strong></span> <span class='ocrx_word' id='word_1_20' title='bbox 380 756 616 836; x_wconf 78' lang='lat' dir='ltr'><strong>concessivam,</strong></span> <span class='ocrx_word' id='word_1_21' title='bbox 639 761 790 842; x_wconf 87' lang='lat' dir='ltr'><strong>apparet,</strong></span> <span class='ocrx_word' id='word_1_22' title='bbox 825 753 944 846; x_wconf 81' lang='lat' dir='ltr'><strong>bacin</strong></span> <span class='ocrx_word' id='word_1_23' title='bbox 975 763 1136 820; x_wconf 74' lang='lat' dir='ltr'><strong>structura</strong></span> <span class='ocrx_word' id='word_1_24' title='bbox 1157 758 1210 824; x_wconf 90' lang='lat' dir='ltr'><strong>vel</strong></span> <span class='ocrx_word' id='word_1_25' title='bbox 1243 779 1325 823; x_wconf 78' lang='lat' dir='ltr'><strong>ma·</strong></span> 
     </span>
     <span class='ocr_line' id='line_1_5' title="bbox 181 871 1324 964; baseline 0.003 -26"><span class='ocrx_word' id='word_1_26' title='bbox 181 875 269 938; x_wconf 87' lang='lat' dir='ltr'><strong>xime</strong></span> <span class='ocrx_word' id='word_1_27' title='bbox 289 873 466 940; x_wconf 86' lang='lat' dir='ltr'><strong>secundum</strong></span> <span class='ocrx_word' id='word_1_28' title='bbox 487 875 597 960; x_wconf 83' lang='lat' dir='ltr'><strong>urgeri</strong></span> <span class='ocrx_word' id='word_1_29' title='bbox 618 873 809 956; x_wconf 85' lang='lat' dir='ltr'><strong>membrum,</strong></span> <span class='ocrx_word' id='word_1_30' title='bbox 830 872 873 937; x_wconf 90' lang='lat' dir='ltr'><strong>ad</strong></span> <span class='ocrx_word' id='word_1_31' title='bbox 890 871 977 959; x_wconf 91' lang='lat' dir='ltr'><strong>quod</strong></span> <span class='ocrx_word' id='word_1_32' title='bbox 998 875 1098 960; x_wconf 88' lang='lat' dir='ltr'><strong>prius,</strong></span> <span class='ocrx_word' id='word_1_33' title='bbox 1130 897 1190 962; x_wconf 87' lang='lat' dir='ltr'><strong>per</strong></span> <span class='ocrx_word' id='word_1_34' title='bbox 1211 881 1324 964; x_wconf 84' lang='lat' dir='ltr'><strong>parti-</strong></span> 
     </span>
     <span class='ocr_line' id='line_1_6' title="bbox 182 989 1319 1079; baseline 0.004 -22"><span class='ocrx_word' id='word_1_35' title='bbox 182 991 287 1057; x_wconf 91' lang='lat' dir='ltr'><strong>culam</strong></span> <span class='ocrx_word' id='word_1_36' title='bbox 308 994 567 1079; x_wconf 86' lang='lat' dir='ltr'><strong>praeparativam</strong></span> <span class='ocrx_word' id='word_1_37' title='bbox 589 990 819 1073; x_wconf 88' lang='lat' dir='ltr'><strong>introductum,</strong></span> <span class='ocrx_word' id='word_1_38' title='bbox 843 990 935 1075; x_wconf 86' lang='lat' dir='ltr'><strong>quasi</strong></span> <span class='ocrx_word' id='word_1_39' title='bbox 958 989 1086 1056; x_wconf 87' lang='lat' dir='ltr'><strong>lectoris</strong></span> <span class='ocrx_word' id='word_1_40' title='bbox 1100 994 1252 1060; x_wconf 77' lang='lat' dir='ltr'><strong>animum</strong></span> <span class='ocrx_word' id='word_1_41' title='bbox 1267 1005 1319 1062; x_wconf 68' lang='lat' dir='ltr'><strong>&#39;et</strong></span> 
     </span>
    </p>
   </div>
   <div class='ocr_carea' id='block_1_3' title="bbox 180 1108 1319 1312">
    <p class='ocr_par' dir='ltr' id='par_1_3' title="bbox 180 1108 1319 1312">
     <span class='ocr_line' id='line_1_7' title="bbox 183 1108 1315 1198; baseline 0.003 -23"><span class='ocrx_word' id='word_1_42' title='bbox 183 1108 289 1175; x_wconf 88' lang='lat' dir='ltr'><strong>oculos</strong></span> <span class='ocrx_word' id='word_1_43' title='bbox 311 1109 457 1174; x_wconf 80' lang='lat' dir='ltr'><strong>intendit.</strong></span> <span class='ocrx_word' id='word_1_44' title='bbox 497 1111 571 1172; x_wconf 83' lang='grc' dir='ltr'><strong>Μέν</strong></span> <span class='ocrx_word' id='word_1_45' title='bbox 593 1111 626 1174; x_wconf 91' lang='lat' dir='ltr'><strong>in</strong></span> <span class='ocrx_word' id='word_1_46' title='bbox 649 1108 815 1195; x_wconf 82' lang='lat' dir='ltr'><strong>anaphora</strong></span> <span class='ocrx_word' id='word_1_47' title='bbox 837 1109 940 1172; x_wconf 89' lang='lat' dir='ltr'><strong>etiam</strong></span> <span class='ocrx_word' id='word_1_48' title='bbox 956 1109 1062 1175; x_wconf 88' lang='lat' dir='ltr'><strong>omitti</strong></span> <span class='ocrx_word' id='word_1_49' title='bbox 1084 1131 1178 1195; x_wconf 86' lang='lat' dir='ltr'><strong>posse</strong></span> <span class='ocrx_word' id='word_1_50' title='bbox 1202 1135 1315 1198; x_wconf 86' lang='lat' dir='ltr'><strong>gram-</strong></span> 
     </span>
     <span class='ocr_line' id='line_1_8' title="bbox 180 1220 1319 1312; baseline 0.002 -20"><span class='ocrx_word' id='word_1_51' title='bbox 180 1228 291 1294; x_wconf 89' lang='lat' dir='ltr'><strong>matici</strong></span> <span class='ocrx_word' id='word_1_52' title='bbox 313 1227 430 1292; x_wconf 86' lang='lat' dir='ltr'><strong>docent</strong></span> <span class='ocrx_word' id='word_1_53' title='bbox 456 1227 507 1310; x_wconf 81' lang='lat' dir='ltr'><strong>(of.</strong></span> <span class='ocrx_word' id='word_1_54' title='bbox 535 1227 676 1312; x_wconf 86' lang='lat' dir='ltr'><strong>Krtiger.</strong></span> <span class='ocrx_word' id='word_1_55' title='bbox 699 1225 751 1291; x_wconf 81' lang='lat'><strong>59.</strong></span> <span class='ocrx_word' id='word_1_56' title='bbox 776 1225 805 1288; x_wconf 90' lang='lat'><strong>1.</strong></span> <span class='ocrx_word' id='word_1_57' title='bbox 828 1224 859 1288; x_wconf 90' lang='grc'><strong>4.</strong></span> <span class='ocrx_word' id='word_1_58' title='bbox 881 1223 996 1289; x_wconf 83' lang='lat' dir='ltr'><strong>Matth.</strong></span> <span class='ocrx_word' id='word_1_59' title='bbox 1019 1220 1055 1312; x_wconf 64' lang='grc' dir='ltr'><strong>ξ.</strong></span> <span class='ocrx_word' id='word_1_60' title='bbox 1077 1226 1150 1290; x_wconf 87' lang='grc'><strong>622.</strong></span> <span class='ocrx_word' id='word_1_61' title='bbox 1174 1227 1319 1294; x_wconf 86' lang='lat' dir='ltr'><strong>Ktihner</strong></span> 
     </span>
    </p>
   </div>
   <div class='ocr_carea' id='block_1_4' title="bbox 97 1341 1316 2959">
    <p class='ocr_par' dir='ltr' id='par_1_4' title="bbox 97 1341 1316 2959">
     <span class='ocr_line' id='line_1_9' title="bbox 182 1341 1316 1431; baseline 0 -21"><span class='ocrx_word' id='word_1_62' title='bbox 182 1344 224 1410; x_wconf 91' lang='lat' dir='ltr'><strong>ad</strong></span> <span class='ocrx_word' id='word_1_63' title='bbox 246 1345 332 1431; x_wconf 81' lang='lat' dir='ltr'><strong>Exp.</strong></span> <span class='ocrx_word' id='word_1_64' title='bbox 366 1344 443 1428; x_wconf 79' lang='lat' dir='ltr'><strong>(lyr.</strong></span> <span class='ocrx_word' id='word_1_65' title='bbox 470 1343 546 1408; x_wconf 84' lang='lat' dir='ltr'><strong>VII.</strong></span> <span class='ocrx_word' id='word_1_66' title='bbox 574 1344 603 1408; x_wconf 95' lang='grc'><strong>7.</strong></span> <span class='ocrx_word' id='word_1_67' title='bbox 629 1344 683 1408; x_wconf 83' lang='grc'><strong>45.</strong></span> <span class='ocrx_word' id='word_1_68' title='bbox 711 1341 944 1410; x_wconf 85' lang='lat' dir='ltr'><strong>Breitenbach:</strong></span> <span class='ocrx_word' id='word_1_69' title='bbox 973 1341 1090 1408; x_wconf 86' lang='lat' dir='ltr'><strong>Annal.</strong></span> <span class='ocrx_word' id='word_1_70' title='bbox 1118 1343 1316 1410; x_wconf 86' lang='lat' dir='ltr'><strong>Darmstad.</strong></span> 
     </span>
     <span class='ocr_line' id='line_1_10' title="bbox 184 1459 1314 1548; baseline 0.002 -22"><span class='ocrx_word' id='word_1_71' title='bbox 184 1461 278 1527; x_wconf 90' lang='grc'><strong>1841.</strong></span> <span class='ocrx_word' id='word_1_72' title='bbox 299 1483 332 1548; x_wconf 89' lang='lat' dir='ltr'><strong>p.</strong></span> <span class='ocrx_word' id='word_1_73' title='bbox 354 1460 426 1543; x_wconf 82' lang='lat'><strong>259,</strong></span> <span class='ocrx_word' id='word_1_74' title='bbox 450 1470 483 1524; x_wconf 89' lang='lat' dir='ltr'><strong>et</strong></span> <span class='ocrx_word' id='word_1_75' title='bbox 503 1460 547 1524; x_wconf 87' lang='lat' dir='ltr'><strong>ad</strong></span> <span class='ocrx_word' id='word_1_76' title='bbox 569 1459 660 1525; x_wconf 89' lang='lat' dir='ltr'><strong>Hier.</strong></span> <span class='ocrx_word' id='word_1_77' title='bbox 675 1461 738 1526; x_wconf 89' lang='lat' dir='ltr'><strong>XI.</strong></span> <span class='ocrx_word' id='word_1_78' title='bbox 755 1460 818 1544; x_wconf 87' lang='grc'><strong>10.)</strong></span> <span class='ocrx_word' id='word_1_79' title='bbox 841 1468 874 1524; x_wconf 87' lang='lat' dir='ltr'><strong>et</strong></span> <span class='ocrx_word' id='word_1_80' title='bbox 895 1459 1054 1547; x_wconf 85' lang='lat' dir='ltr'><strong>exemplis</strong></span> <span class='ocrx_word' id='word_1_81' title='bbox 1075 1461 1314 1548; x_wconf 83' lang='lat' dir='ltr'><strong>aristophaneis</strong></span> 
     </span>
     <span class='ocr_line' id='line_1_11' title="bbox 181 1573 1311 1666; baseline 0 -22"><span class='ocrx_word' id='word_1_82' title='bbox 181 1585 287 1666; x_wconf 87' lang='lat' dir='ltr'><strong>potest</strong></span> <span class='ocrx_word' id='word_1_83' title='bbox 307 1576 450 1664; x_wconf 87' lang='lat' dir='ltr'><strong>probari,</strong></span> <span class='ocrx_word' id='word_1_84' title='bbox 471 1577 578 1663; x_wconf 89' lang='lat' dir='ltr'><strong>qualia</strong></span> <span class='ocrx_word' id='word_1_85' title='bbox 589 1585 663 1642; x_wconf 89' lang='lat' dir='ltr'><strong>sunt</strong></span> <span class='ocrx_word' id='word_1_86' title='bbox 683 1582 716 1640; x_wconf 80' lang='lat' dir='ltr'><strong>ot</strong></span> <span class='ocrx_word' id='word_1_87' title='bbox 737 1577 839 1659; x_wconf 72' lang='lat' dir='ltr'><strong>y&#39;duot</strong></span> <span class='ocrx_word' id='word_1_88' title='bbox 854 1573 1005 1658; x_wconf 78' lang='grc' dir='ltr'>-οὑμοὶ</span> <span class='ocrx_word' id='word_1_89' title='bbox 1027 1577 1064 1640; x_wconf 81' lang='grc' dir='ltr'><strong>δέ</strong></span> <span class='ocrx_word' id='word_1_90' title='bbox 1078 1578 1140 1665; x_wconf 86' lang='lat' dir='ltr'><strong>Eq.</strong></span> <span class='ocrx_word' id='word_1_91' title='bbox 1171 1579 1311 1663; x_wconf 80' lang='lat' dir='ltr'><strong>965,6t;</strong></span> 
     </span>
     <span class='ocr_line' id='line_1_12' title="bbox 175 1687 1311 1783; baseline 0.004 -25"><span class='ocrx_word' id='word_1_92' title='bbox 175 1693 226 1758; x_wconf 65' lang='lat' dir='ltr'><strong>tat</strong></span> <span class='ocrx_word' id='word_1_93' title='bbox 245 1716 281 1771; x_wconf 81' lang='lat' dir='ltr'><strong>ys</strong></span> <span class='ocrx_word' id='word_1_94' title='bbox 301 1694 414 1776; x_wconf 65' lang='lat' dir='ltr'><strong>pulveri</strong></span> <span class='ocrx_word' id='word_1_95' title='bbox 441 1729 483 1740; x_wconf 83' lang='lat'><strong>--</strong></span> <span class='ocrx_word' id='word_1_96' title='bbox 500 1693 577 1773; x_wconf 61' lang='grc' dir='ltr'><strong>ἐμοὶ</strong></span> <span class='ocrx_word' id='word_1_97' title='bbox 599 1694 635 1757; x_wconf 81' lang='grc' dir='ltr'><strong>δέ</strong></span> <span class='ocrx_word' id='word_1_98' title='bbox 654 1695 716 1781; x_wconf 76' lang='lat' dir='ltr'><strong>ttq.</strong></span> <span class='ocrx_word' id='word_1_99' title='bbox 749 1695 849 1779; x_wconf 67' lang='lat'><strong>1000,</strong></span> <span class='ocrx_word' id='word_1_100' title='bbox 872 1693 933 1774; x_wconf 66' lang='lat' dir='ltr'><strong>tre</strong></span> <span class='ocrx_word' id='word_1_101' title='bbox 957 1732 999 1744; x_wconf 93' lang='lat'><strong>·-</strong></span> <span class='ocrx_word' id='word_1_102' title='bbox 1014 1693 1076 1774; x_wconf 73' lang='grc' dir='ltr'><strong>ἐγώ</strong></span> <span class='ocrx_word' id='word_1_103' title='bbox 1099 1694 1136 1758; x_wconf 79' lang='grc' dir='ltr'><strong>δέ</strong></span> <span class='ocrx_word' id='word_1_104' title='bbox 1157 1695 1220 1783; x_wconf 74' lang='lat' dir='ltr'><strong>Rq.</strong></span> <span class='ocrx_word' id='word_1_105' title='bbox 1241 1687 1311 1762; x_wconf 80' lang='lat'><strong>&#39;429</strong></span> 
     </span>
     <span class='ocr_line' id='line_1_13' title="bbox 181 1787 1310 1898; baseline -0.001 -19"><span class='ocrx_word' id='word_1_106' title='bbox 181 1809 254 1879; x_wconf 74' lang='lat' dir='ltr'><strong>aot.</strong></span> <span class='ocrx_word' id='word_1_107' title='bbox 280 1811 353 1878; x_wconf 82' lang='lat' dir='ltr'><strong>aas.</strong></span> <span class='ocrx_word' id='word_1_108' title='bbox 375 1812 471 1877; x_wconf 78' lang='lat'>1165.</span> <span class='ocrx_word' id='word_1_109' title='bbox 494 1811 548 1898; x_wconf 73' lang='lat' dir='ltr'><strong>(of.</strong></span> <span class='ocrx_word' id='word_1_110' title='bbox 569 1811 762 1894; x_wconf 57' lang='lat' dir='ltr'><strong>trapam,</strong></span> <span class='ocrx_word' id='word_1_111' title='bbox 783 1787 909 1890; x_wconf 75' lang='grc'><strong>..11</strong></span> <span class='ocrx_word' id='word_1_112' title='bbox 940 1810 978 1874; x_wconf 74' lang='grc'><strong>11</strong></span> <span class='ocrx_word' id='word_1_113' title='bbox 999 1814 1060 1898; x_wconf 84' lang='lat' dir='ltr'><strong>nq.</strong></span> <span class='ocrx_word' id='word_1_114' title='bbox 1095 1813 1200 1898; x_wconf 80' lang='lat'>1152.)</span> <span class='ocrx_word' id='word_1_115' title='bbox 1227 1815 1310 1898; x_wconf 68' lang='grc' dir='ltr'><strong><em>παρ’</em></strong></span> 
     </span>
     <span class='ocr_line' id='line_1_14' title="bbox 179 1929 1311 2018; baseline 0.004 -25"><span class='ocrx_word' id='word_1_116' title='bbox 179 1929 260 2012; x_wconf 74' lang='grc' dir='ltr'><strong><em>ἐμοῦ</em></strong></span> <span class='ocrx_word' id='word_1_117' title='bbox 282 1969 324 1980; x_wconf 83' lang='grc'>-</span> <span class='ocrx_word' id='word_1_118' title='bbox 345 1931 424 2015; x_wconf 73' lang='grc' dir='ltr'><strong>παρ’</strong></span> <span class='ocrx_word' id='word_1_119' title='bbox 446 1931 526 2014; x_wconf 74' lang='lat' dir='ltr'><strong>dauri</strong></span> <span class='ocrx_word' id='word_1_120' title='bbox 547 1931 586 1996; x_wconf 77' lang='grc' dir='ltr'><strong>δέ</strong></span> <span class='ocrx_word' id='word_1_121' title='bbox 607 1933 669 2018; x_wconf 83' lang='lat' dir='ltr'><strong>Eq.</strong></span> <span class='ocrx_word' id='word_1_122' title='bbox 695 1931 789 1997; x_wconf 88' lang='grc'><strong>1190.</strong></span> <span class='ocrx_word' id='word_1_123' title='bbox 820 1939 853 1997; x_wconf 91' lang='lat' dir='ltr'><strong>et</strong></span> <span class='ocrx_word' id='word_1_124' title='bbox 875 1953 958 2017; x_wconf 88' lang='lat' dir='ltr'><strong>quae</strong></span> <span class='ocrx_word' id='word_1_125' title='bbox 980 1938 1053 1996; x_wconf 88' lang='lat' dir='ltr'><strong>sunt</strong></span> <span class='ocrx_word' id='word_1_126' title='bbox 1074 1931 1199 1996; x_wconf 88' lang='lat' dir='ltr'><strong>similia.</strong></span> <span class='ocrx_word' id='word_1_127' title='bbox 1222 1933 1311 1998; x_wconf 83' lang='lat' dir='ltr'><strong>&#39;Om-</strong></span> 
     </span>
     <span class='ocr_line' id='line_1_15' title="bbox 179 2047 1310 2137; baseline 0.001 -24"><span class='ocrx_word' id='word_1_128' title='bbox 179 2049 257 2114; x_wconf 92' lang='lat' dir='ltr'><strong>nino</strong></span> <span class='ocrx_word' id='word_1_129' title='bbox 285 2050 347 2131; x_wconf 80' lang='grc' dir='ltr'><strong>μέν</strong></span> <span class='ocrx_word' id='word_1_130' title='bbox 379 2071 476 2137; x_wconf 90' lang='lat' dir='ltr'><strong>saepe</strong></span> <span class='ocrx_word' id='word_1_131' title='bbox 510 2050 621 2116; x_wconf 82' lang='lat' dir='ltr'><strong>durius</strong></span> <span class='ocrx_word' id='word_1_132' title='bbox 657 2050 760 2114; x_wconf 87' lang='lat' dir='ltr'><strong>omitti</strong></span> <span class='ocrx_word' id='word_1_133' title='bbox 795 2049 913 2115; x_wconf 85' lang='lat' dir='ltr'><strong>docent</strong></span> <span class='ocrx_word' id='word_1_134' title='bbox 944 2048 1071 2113; x_wconf 77' lang='lat' dir='ltr'><strong>Sohtim.</strong></span> <span class='ocrx_word' id='word_1_135' title='bbox 1102 2047 1145 2112; x_wconf 90' lang='lat' dir='ltr'><strong>ad</strong></span> <span class='ocrx_word' id='word_1_136' title='bbox 1179 2049 1310 2116; x_wconf 79' lang='lat' dir='ltr'><strong>leucum</strong></span> 
     </span>
     <span class='ocr_line' id='line_1_16' title="bbox 180 2164 1311 2254; baseline 0.001 -25"><span class='ocrx_word' id='word_1_137' title='bbox 180 2188 212 2253; x_wconf 91' lang='lat' dir='ltr'><strong>p.</strong></span> <span class='ocrx_word' id='word_1_138' title='bbox 234 2164 308 2230; x_wconf 83' lang='lat'><strong>343.</strong></span> <span class='ocrx_word' id='word_1_139' title='bbox 337 2167 449 2232; x_wconf 87' lang='lat' dir='ltr'><strong>Zeunc</strong></span> <span class='ocrx_word' id='word_1_140' title='bbox 477 2167 519 2233; x_wconf 90' lang='lat' dir='ltr'><strong>ad</strong></span> <span class='ocrx_word' id='word_1_141' title='bbox 542 2168 654 2252; x_wconf 82' lang='lat' dir='ltr'><strong>Vigor.</strong></span> <span class='ocrx_word' id='word_1_142' title='bbox 680 2191 711 2253; x_wconf 90' lang='lat' dir='ltr'><strong>p.</strong></span> <span class='ocrx_word' id='word_1_143' title='bbox 745 2166 819 2234; x_wconf 84' lang='lat'>536.</span> <span class='ocrx_word' id='word_1_144' title='bbox 840 2167 954 2254; x_wconf 94' lang='lat' dir='ltr'><strong>Poppo</strong></span> <span class='ocrx_word' id='word_1_145' title='bbox 986 2166 1112 2231; x_wconf 81' lang='lat' dir='ltr'><strong>observ.</strong></span> <span class='ocrx_word' id='word_1_146' title='bbox 1146 2167 1180 2235; x_wconf 93' lang='lat' dir='ltr'><strong>in</strong></span> <span class='ocrx_word' id='word_1_147' title='bbox 1203 2167 1311 2233; x_wconf 83' lang='lat' dir='ltr'><strong>Thue.</strong></span> 
     </span>
     <span class='ocr_line' id='line_1_17' title="bbox 180 2283 1310 2374; baseline 0.004 -28"><span class='ocrx_word' id='word_1_148' title='bbox 180 2307 213 2371; x_wconf 89' lang='lat' dir='ltr'><strong>p.</strong></span> <span class='ocrx_word' id='word_1_149' title='bbox 233 2283 293 2374; x_wconf 64' lang='lat'><strong>26,</strong></span> <span class='ocrx_word' id='word_1_150' title='bbox 321 2283 457 2349; x_wconf 86' lang='lat' dir='ltr'><strong>Haacke</strong></span> <span class='ocrx_word' id='word_1_151' title='bbox 485 2284 528 2353; x_wconf 87' lang='lat' dir='ltr'><strong>ad</strong></span> <span class='ocrx_word' id='word_1_152' title='bbox 560 2284 663 2350; x_wconf 79' lang='lat' dir='ltr'><strong>Thur.</strong></span> <span class='ocrx_word' id='word_1_153' title='bbox 686 2285 713 2349; x_wconf 90' lang='grc' dir='ltr'><strong>Ι.</strong></span> <span class='ocrx_word' id='word_1_154' title='bbox 738 2285 789 2348; x_wconf 91' lang='grc'><strong>12.</strong></span> <span class='ocrx_word' id='word_1_155' title='bbox 812 2283 874 2350; x_wconf 89' lang='lat' dir='ltr'><strong>His</strong></span> <span class='ocrx_word' id='word_1_156' title='bbox 899 2284 979 2350; x_wconf 89' lang='lat' dir='ltr'><strong>locis</strong></span> <span class='ocrx_word' id='word_1_157' title='bbox 999 2286 1141 2372; x_wconf 83' lang='lat' dir='ltr'><strong>proximi</strong></span> <span class='ocrx_word' id='word_1_158' title='bbox 1171 2295 1245 2352; x_wconf 87' lang='lat' dir='ltr'><strong>sunt</strong></span> <span class='ocrx_word' id='word_1_159' title='bbox 1265 2287 1310 2371; x_wconf 88' lang='lat' dir='ltr'><strong>ei,</strong></span> 
     </span>
     <span class='ocr_line' id='line_1_18' title="bbox 97 2399 1308 2490; baseline 0.002 -25"><span class='ocrx_word' id='word_1_160' title='bbox 97 2432 100 2436; x_wconf 94' lang='lat'>·</span> <span class='ocrx_word' id='word_1_161' title='bbox 180 2401 297 2488; x_wconf 89' lang='lat' dir='ltr'><strong>quibus</strong></span> <span class='ocrx_word' id='word_1_162' title='bbox 317 2401 444 2466; x_wconf 87' lang='lat' dir='ltr'><strong>articuli</strong></span> <span class='ocrx_word' id='word_1_163' title='bbox 456 2401 563 2489; x_wconf 89' lang='lat' dir='ltr'><strong>aliqua</strong></span> <span class='ocrx_word' id='word_1_164' title='bbox 574 2402 678 2468; x_wconf 86' lang='lat' dir='ltr'><strong>forma</strong></span> <span class='ocrx_word' id='word_1_165' title='bbox 693 2423 765 2466; x_wconf 90' lang='lat' dir='ltr'><strong>cum</strong></span> <span class='ocrx_word' id='word_1_166' title='bbox 777 2399 944 2490; x_wconf 84' lang='lat' dir='ltr'><strong>particulis</strong></span> <span class='ocrx_word' id='word_1_167' title='bbox 964 2405 1077 2484; x_wconf 71' lang='grc' dir='ltr'><strong>μὲν-</strong></span> <span class='ocrx_word' id='word_1_168' title='bbox 1089 2400 1129 2464; x_wconf 77' lang='grc' dir='ltr'><strong>δέ</strong></span> <span class='ocrx_word' id='word_1_169' title='bbox 1137 2403 1308 2489; x_wconf 86' lang='lat' dir='ltr'><strong>conjuncta</strong></span> 
     </span>
     <span class='ocr_line' id='line_1_19' title="bbox 179 2515 1309 2608; baseline 0.001 -26"><span class='ocrx_word' id='word_1_170' title='bbox 179 2518 386 2603; x_wconf 83' lang='lat' dir='ltr'><strong>legitursiout</strong></span> <span class='ocrx_word' id='word_1_171' title='bbox 407 2515 424 2580; x_wconf 84' lang='lat' dir='ltr'><strong>d</strong></span> <span class='ocrx_word' id='word_1_172' title='bbox 446 2520 506 2600; x_wconf 78' lang='grc' dir='ltr'><strong>μὲν</strong></span> <span class='ocrx_word' id='word_1_173' title='bbox 527 2555 571 2566; x_wconf 88' lang='grc'>-</span> <span class='ocrx_word' id='word_1_174' title='bbox 593 2515 665 2581; x_wconf 69' lang='grc' dir='ltr'><strong>ὁδί</strong></span> <span class='ocrx_word' id='word_1_175' title='bbox 685 2518 773 2605; x_wconf 90' lang='lat' dir='ltr'><strong>apud</strong></span> <span class='ocrx_word' id='word_1_176' title='bbox 784 2517 1039 2605; x_wconf 87' lang='lat' dir='ltr'><strong>Aristophanem</strong></span> <span class='ocrx_word' id='word_1_177' title='bbox 1061 2521 1225 2586; x_wconf 87' lang='lat' dir='ltr'><strong>invenitur</strong></span> <span class='ocrx_word' id='word_1_178' title='bbox 1245 2521 1309 2608; x_wconf 82' lang='lat' dir='ltr'><strong>Eq&#39;.</strong></span> 
     </span>
     <span class='ocr_line' id='line_1_20' title="bbox 183 2635 1308 2723; baseline 0.001 -22"><span class='ocrx_word' id='word_1_179' title='bbox 183 2635 278 2703; x_wconf 85' lang='lat'>1350.</span> <span class='ocrx_word' id='word_1_180' title='bbox 301 2635 400 2723; x_wconf 85' lang='lat' dir='ltr'><strong>Vesp.</strong></span> <span class='ocrx_word' id='word_1_181' title='bbox 429 2635 503 2702; x_wconf 82' lang='grc'><strong>004.</strong></span> <span class='ocrx_word' id='word_1_182' title='bbox 552 2635 615 2701; x_wconf 88' lang='lat' dir='ltr'><strong>Av.</strong></span> <span class='ocrx_word' id='word_1_183' title='bbox 649 2635 724 2701; x_wconf 89' lang='grc'><strong>707.</strong></span> <span class='ocrx_word' id='word_1_184' title='bbox 749 2637 832 2702; x_wconf 87' lang='lat' dir='ltr'><strong>Ran.</strong></span> <span class='ocrx_word' id='word_1_185' title='bbox 869 2637 964 2702; x_wconf 91' lang='grc'><strong>1101.</strong></span> <span class='ocrx_word' id='word_1_186' title='bbox 997 2635 1202 2704; x_wconf 68' lang='grc'><strong>1434101111.</strong></span> <span class='ocrx_word' id='word_1_187' title='bbox 1234 2637 1308 2702; x_wconf 88' lang='grc'><strong>186.</strong></span> 
     </span>
     <span class='ocr_line' id='line_1_21' title="bbox 179 2752 1309 2842; baseline 0 -22"><span class='ocrx_word' id='word_1_188' title='bbox 179 2753 264 2821; x_wconf 88' lang='lat' dir='ltr'><strong>Plut.</strong></span> <span class='ocrx_word' id='word_1_189' title='bbox 286 2754 366 2839; x_wconf 76' lang='lat'><strong>1573</strong></span> <span class='ocrx_word' id='word_1_190' title='bbox 389 2753 409 2839; x_wconf 80' lang='grc' dir='ltr'><strong><em>ἥ</em></strong></span> <span class='ocrx_word' id='word_1_191' title='bbox 421 2757 481 2836; x_wconf 79' lang='grc' dir='ltr'><strong>μὲν</strong></span> <span class='ocrx_word' id='word_1_192' title='bbox 503 2793 544 2804; x_wconf 91' lang='grc'><strong>-</strong></span> <span class='ocrx_word' id='word_1_193' title='bbox 567 2752 589 2839; x_wconf 76' lang='grc' dir='ltr'><em>ἦ</em></span> <span class='ocrx_word' id='word_1_194' title='bbox 599 2752 637 2816; x_wconf 82' lang='grc' dir='ltr'><strong>δέ</strong></span> <span class='ocrx_word' id='word_1_195' title='bbox 658 2754 736 2841; x_wconf 87' lang='lat' dir='ltr'><strong>Lys.</strong></span> <span class='ocrx_word' id='word_1_196' title='bbox 760 2754 810 2838; x_wconf 89' lang='grc'><strong>17,</strong></span> <span class='ocrx_word' id='word_1_197' title='bbox 834 2754 952 2842; x_wconf 88' lang='lat' dir='ltr'><strong>quibus</strong></span> <span class='ocrx_word' id='word_1_198' title='bbox 972 2753 1052 2819; x_wconf 85' lang='lat' dir='ltr'><strong>loeis</strong></span> <span class='ocrx_word' id='word_1_199' title='bbox 1074 2755 1309 2820; x_wconf 87' lang='lat' dir='ltr'><strong>omnibusarti-</strong></span> 
     </span>
     <span class='ocr_line' id='line_1_22' title="bbox 181 2870 1308 2959; baseline 0.002 -24"><span class='ocrx_word' id='word_1_200' title='bbox 181 2871 288 2938; x_wconf 89' lang='lat' dir='ltr'><strong>culum</strong></span> <span class='ocrx_word' id='word_1_201' title='bbox 315 2893 381 2938; x_wconf 89' lang='lat' dir='ltr'><strong>non</strong></span> <span class='ocrx_word' id='word_1_202' title='bbox 408 2873 553 2959; x_wconf 84' lang='lat' dir='ltr'><strong>sequitur</strong></span> <span class='ocrx_word' id='word_1_203' title='bbox 583 2872 841 2955; x_wconf 85' lang='lat' dir='ltr'><strong>substantivum,</strong></span> <span class='ocrx_word' id='word_1_204' title='bbox 879 2872 921 2936; x_wconf 90' lang='lat' dir='ltr'><strong>ad</strong></span> <span class='ocrx_word' id='word_1_205' title='bbox 955 2870 1042 2958; x_wconf 91' lang='lat' dir='ltr'><strong>quod</strong></span> <span class='ocrx_word' id='word_1_206' title='bbox 1065 2873 1228 2958; x_wconf 85' lang='lat' dir='ltr'><strong>pertinet,</strong></span> <span class='ocrx_word' id='word_1_207' title='bbox 1249 2872 1308 2938; x_wconf 90' lang='lat' dir='ltr'><strong>sed</strong></span> 
     </span>
    </p>
   </div>
   <div class='ocr_carea' id='block_1_5' title="bbox 180 3104 1308 3310">
    <p class='ocr_par' dir='ltr' id='par_1_5' title="bbox 180 3104 1308 3310">
     <span class='ocr_line' id='line_1_23' title="bbox 183 3104 1308 3192; baseline 0.001 -23"><span class='ocrx_word' id='word_1_208' title='bbox 183 3106 294 3170; x_wconf 89' lang='lat' dir='ltr'><strong>tivum.</strong></span> <span class='ocrx_word' id='word_1_209' title='bbox 317 3105 420 3172; x_wconf 91' lang='lat' dir='ltr'><strong>Porro</strong></span> <span class='ocrx_word' id='word_1_210' title='bbox 434 3107 603 3192; x_wconf 85' lang='lat' dir='ltr'><strong>genetivus</strong></span> <span class='ocrx_word' id='word_1_211' title='bbox 617 3104 744 3172; x_wconf 82' lang='lat' dir='ltr'><strong>articuli</strong></span> <span class='ocrx_word' id='word_1_212' title='bbox 766 3126 841 3169; x_wconf 89' lang='lat' dir='ltr'><strong>cum</strong></span> <span class='ocrx_word' id='word_1_213' title='bbox 861 3105 1028 3192; x_wconf 87' lang='lat' dir='ltr'><strong>particulis</strong></span> <span class='ocrx_word' id='word_1_214' title='bbox 1048 3107 1116 3188; x_wconf 69' lang='grc' dir='ltr'><strong>μὲν</strong></span> <span class='ocrx_word' id='word_1_215' title='bbox 1130 3104 1178 3169; x_wconf 38' lang='grc' dir='ltr'><strong>δέ’</strong></span> <span class='ocrx_word' id='word_1_216' title='bbox 1190 3105 1308 3192; x_wconf 86' lang='lat' dir='ltr'><strong>legitur</strong></span> 
     </span>
     <span class='ocr_line' id='line_1_24' title="bbox 180 3219 1307 3310; baseline -0.001 -22"><span class='ocrx_word' id='word_1_217' title='bbox 180 3221 384 3302; x_wconf 75' lang='lat' dir='ltr'><strong>Pae.1349;</strong></span> <span class='ocrx_word' id='word_1_218' title='bbox 414 3230 447 3287; x_wconf 88' lang='lat' dir='ltr'><strong>et</strong></span> <span class='ocrx_word' id='word_1_219' title='bbox 478 3223 513 3286; x_wconf 91' lang='lat' dir='ltr'><strong>in</strong></span> <span class='ocrx_word' id='word_1_220' title='bbox 542 3223 693 3308; x_wconf 87' lang='lat' dir='ltr'><strong>genetivo</strong></span> <span class='ocrx_word' id='word_1_221' title='bbox 715 3221 884 3310; x_wconf 89' lang='lat' dir='ltr'><strong>temporali</strong></span> <span class='ocrx_word' id='word_1_222' title='bbox 912 3224 969 3285; x_wconf 75' lang='lat' dir='ltr'><strong>wc</strong></span> <span class='ocrx_word' id='word_1_223' title='bbox 995 3223 1056 3304; x_wconf 73' lang='lat' dir='ltr'><strong>pir</strong></span> <span class='ocrx_word' id='word_1_224' title='bbox 1079 3219 1160 3308; x_wconf 77' lang='grc' dir='ltr'><em>’ἦρος</em></span> <span class='ocrx_word' id='word_1_225' title='bbox 1186 3261 1230 3272; x_wconf 86' lang='grc'><strong>-</strong></span> <span class='ocrx_word' id='word_1_226' title='bbox 1251 3227 1307 3287; x_wconf 71' lang='lat' dir='ltr'><strong>ruo</strong></span> 
     </span>
    </p>
   </div>
   <div class='ocr_carea' id='block_1_6' title="bbox 143 3335 1421 4374">
    <p class='ocr_par' dir='ltr' id='par_1_6' title="bbox 181 3335 1308 3899">
     <span class='ocr_line' id='line_1_25' title="bbox 181 3335 1308 3428; baseline 0.004 -27"><span class='ocrx_word' id='word_1_227' title='bbox 181 3337 218 3402; x_wconf 77' lang='lat' dir='ltr'><strong>te</strong></span> <span class='ocrx_word' id='word_1_228' title='bbox 240 3335 397 3423; x_wconf 66' lang='grc' dir='ltr'><em>χειμῶνος</em></span> <span class='ocrx_word' id='word_1_229' title='bbox 414 3339 477 3406; x_wconf 78' lang='lat' dir='ltr'><strong>Av.</strong></span> <span class='ocrx_word' id='word_1_230' title='bbox 499 3340 603 3426; x_wconf 89' lang='grc'><strong>1478,</strong></span> <span class='ocrx_word' id='word_1_231' title='bbox 632 3341 690 3407; x_wconf 90' lang='lat' dir='ltr'><strong>ubi</strong></span> <span class='ocrx_word' id='word_1_232' title='bbox 711 3363 802 3407; x_wconf 89' lang='lat' dir='ltr'><strong>suum</strong></span> <span class='ocrx_word' id='word_1_233' title='bbox 824 3340 976 3428; x_wconf 89' lang='lat' dir='ltr'><strong>quodque</strong></span> <span class='ocrx_word' id='word_1_234' title='bbox 998 3341 1179 3408; x_wconf 89' lang='lat' dir='ltr'><strong>membrum</strong></span> <span class='ocrx_word' id='word_1_235' title='bbox 1209 3339 1308 3406; x_wconf 89' lang='lat' dir='ltr'><strong>habet</strong></span> 
     </span>
     <span class='ocr_line' id='line_1_26' title="bbox 181 3457 1307 3547; baseline 0.002 -25"><span class='ocrx_word' id='word_1_236' title='bbox 181 3457 369 3545; x_wconf 89' lang='lat' dir='ltr'><strong>subjectum,</strong></span> <span class='ocrx_word' id='word_1_237' title='bbox 390 3457 426 3522; x_wconf 94' lang='lat' dir='ltr'><strong>id</strong></span> <span class='ocrx_word' id='word_1_238' title='bbox 448 3457 535 3546; x_wconf 89' lang='lat' dir='ltr'><strong>quod</strong></span> <span class='ocrx_word' id='word_1_239' title='bbox 555 3479 646 3524; x_wconf 86' lang='lat' dir='ltr'><strong>secus</strong></span> <span class='ocrx_word' id='word_1_240' title='bbox 666 3465 713 3524; x_wconf 90' lang='lat' dir='ltr'><strong>est</strong></span> <span class='ocrx_word' id='word_1_241' title='bbox 733 3458 805 3526; x_wconf 90' lang='lat' dir='ltr'><strong>loco</strong></span> <span class='ocrx_word' id='word_1_242' title='bbox 827 3481 923 3546; x_wconf 87' lang='lat' dir='ltr'><strong>quem</strong></span> <span class='ocrx_word' id='word_1_243' title='bbox 945 3483 988 3524; x_wconf 84' lang='lat' dir='ltr'><strong>ex</strong></span> <span class='ocrx_word' id='word_1_244' title='bbox 1011 3459 1233 3547; x_wconf 75' lang='lat' dir='ltr'><strong>Aristophane</strong></span> <span class='ocrx_word' id='word_1_245' title='bbox 1255 3458 1307 3524; x_wconf 92' lang='lat' dir='ltr'><strong>de-</strong></span> 
     </span>
     <span class='ocr_line' id='line_1_27' title="bbox 181 3575 1307 3666; baseline -0.001 -23"><span class='ocrx_word' id='word_1_246' title='bbox 181 3586 343 3664; x_wconf 85' lang='lat' dir='ltr'><strong>sumptum</strong></span> <span class='ocrx_word' id='word_1_247' title='bbox 365 3575 456 3641; x_wconf 86' lang='lat' dir='ltr'><strong>dedit</strong></span> <span class='ocrx_word' id='word_1_248' title='bbox 470 3577 641 3661; x_wconf 82' lang='lat' dir='ltr'><strong>Kriigerus</strong></span> <span class='ocrx_word' id='word_1_249' title='bbox 662 3575 731 3660; x_wconf 81' lang='lat' dir='ltr'><strong>(Gr.</strong></span> <span class='ocrx_word' id='word_1_250' title='bbox 755 3576 811 3642; x_wconf 86' lang='lat' dir='ltr'><strong>Gr.</strong></span> <span class='ocrx_word' id='word_1_251' title='bbox 833 3577 931 3650; x_wconf 73' lang='lat'><strong>501.</strong></span> <span class='ocrx_word' id='word_1_252' title='bbox 954 3575 1006 3662; x_wconf 83' lang='lat' dir='ltr'><strong>l.),</strong></span> <span class='ocrx_word' id='word_1_253' title='bbox 1026 3600 1122 3666; x_wconf 89' lang='lat' dir='ltr'><strong>quem</strong></span> <span class='ocrx_word' id='word_1_254' title='bbox 1145 3600 1251 3665; x_wconf 87' lang='lat' dir='ltr'><strong>neque</strong></span> <span class='ocrx_word' id='word_1_255' title='bbox 1274 3579 1307 3642; x_wconf 91' lang='lat' dir='ltr'><strong>in</strong></span> 
     </span>
     <span class='ocr_line' id='line_1_28' title="bbox 181 3693 1304 3783; baseline 0.001 -25"><span class='ocrx_word' id='word_1_256' title='bbox 181 3695 314 3780; x_wconf 83' lang='lat' dir='ltr'><strong>integris</strong></span> <span class='ocrx_word' id='word_1_257' title='bbox 346 3694 535 3777; x_wconf 86' lang='lat' dir='ltr'><strong>comoediis,</strong></span> <span class='ocrx_word' id='word_1_258' title='bbox 566 3712 677 3780; x_wconf 88' lang='lat' dir='ltr'><strong>neque·</strong></span> <span class='ocrx_word' id='word_1_259' title='bbox 704 3693 737 3758; x_wconf 93' lang='lat' dir='ltr'><strong>in</strong></span> <span class='ocrx_word' id='word_1_260' title='bbox 777 3694 966 3780; x_wconf 83' lang='lat' dir='ltr'><strong>fragmentis</strong></span> <span class='ocrx_word' id='word_1_261' title='bbox 999 3696 1145 3761; x_wconf 87' lang='lat' dir='ltr'><strong>invenire</strong></span> <span class='ocrx_word' id='word_1_262' title='bbox 1174 3696 1304 3783; x_wconf 89' lang='lat' dir='ltr'><strong>poteris,</strong></span> 
     </span>
     <span class='ocr_line' id='line_1_29' title="bbox 182 3809 1306 3899; baseline -0.003 -21"><span class='ocrx_word' id='word_1_263' title='bbox 182 3833 281 3898; x_wconf 90' lang='lat' dir='ltr'><strong>quum</strong></span> <span class='ocrx_word' id='word_1_264' title='bbox 308 3813 349 3877; x_wconf 89' lang='lat' dir='ltr'><strong>sit</strong></span> <span class='ocrx_word' id='word_1_265' title='bbox 371 3811 534 3899; x_wconf 81' lang='lat' dir='ltr'><strong>Anonymi</strong></span> <span class='ocrx_word' id='word_1_266' title='bbox 565 3809 733 3896; x_wconf 81' lang='lat' dir='ltr'><strong>cujusdam</strong></span> <span class='ocrx_word' id='word_1_267' title='bbox 765 3834 816 3898; x_wconf 91' lang='lat' dir='ltr'><strong>ap.</strong></span> <span class='ocrx_word' id='word_1_268' title='bbox 838 3811 937 3879; x_wconf 89' lang='lat' dir='ltr'><strong>Mein.</strong></span> <span class='ocrx_word' id='word_1_269' title='bbox 964 3811 1056 3878; x_wconf 80' lang='lat' dir='ltr'><strong>(lom.</strong></span> <span class='ocrx_word' id='word_1_270' title='bbox 1077 3812 1136 3879; x_wconf 88' lang='lat' dir='ltr'><strong>IV.</strong></span> <span class='ocrx_word' id='word_1_271' title='bbox 1159 3813 1233 3879; x_wconf 90' lang='grc'><strong>687.</strong></span> <span class='ocrx_word' id='word_1_272' title='bbox 1255 3811 1306 3879; x_wconf 92' lang='lat' dir='ltr'><strong>Ibi</strong></span> 
     </span>
    </p>

    <p class='ocr_par' dir='ltr' id='par_1_7' title="bbox 183 3903 499 4018">
     <span class='ocr_line' id='line_1_30' title="bbox 183 3903 499 4018; baseline 0 -24"><span class='ocrx_word' id='word_1_273' title='bbox 183 3929 274 3994; x_wconf 48' lang='lat' dir='ltr'><strong>enim¹</strong></span> <span class='ocrx_word' id='word_1_274' title='bbox 289 3929 399 4018; x_wconf 59' lang='lat' dir='ltr'><strong>verba⁸</strong></span> <span class='ocrx_word' id='word_1_275' title='bbox 408 3903 499 3996; x_wconf 53' lang='lat' dir='ltr'><strong>‚sum</strong></span> 
     </span>
    </p>

    <p class='ocr_par' dir='ltr' id='par_1_8' title="bbox 327 4044 1161 4138">
     <span class='ocr_line' id='line_1_31' title="bbox 327 4044 1161 4138; baseline 0.001 -28"><span class='ocrx_word' id='word_1_276' title='bbox 327 4071 330 4078; x_wconf 75' lang='grc'><strong>’</strong></span> <span class='ocrx_word' id='word_1_277' title='bbox 418 4050 455 4137; x_wconf 75' lang='grc' dir='ltr'><strong>τῇ</strong></span> <span class='ocrx_word' id='word_1_278' title='bbox 475 4050 535 4129; x_wconf 77' lang='grc' dir='ltr'><strong>μὲν</strong></span> <span class='ocrx_word' id='word_1_279' title='bbox 557 4044 671 4128; x_wconf 70' lang='grc' dir='ltr'><strong><em>δίδωμι</em></strong></span> <span class='ocrx_word' id='word_1_280' title='bbox 694 4051 775 4133; x_wconf 78' lang='grc' dir='ltr'><strong><em>χειρί</em></strong></span> <span class='ocrx_word' id='word_1_281' title='bbox 796 4047 890 4138; x_wconf 74' lang='grc' dir='ltr'><strong>1ῇῶ</strong></span> <span class='ocrx_word' id='word_1_282' title='bbox 909 4046 1070 4131; x_wconf 74' lang='grc' dir='ltr'><strong><em>λαμβάνω</em></strong></span> <span class='ocrx_word' id='word_1_283' title='bbox 1158 4087 1161 4096; x_wconf 70' lang='lat'><strong><em>‹</em></strong></span> 
     </span>
    </p>

    <p class='ocr_par' dir='ltr' id='par_1_9' title="bbox 143 4161 1421 4374">
     <span class='ocr_line' id='line_1_32' title="bbox 143 4161 1421 4255; baseline -0.003 -25"><span class='ocrx_word' id='word_1_284' title='bbox 143 4233 145 4238; x_wconf 74' lang='grc'><strong>,</strong></span> <span class='ocrx_word' id='word_1_285' title='bbox 183 4173 324 4231; x_wconf 81' lang='lat' dir='ltr'><strong>sirecte</strong></span> <span class='ocrx_word' id='word_1_286' title='bbox 345 4163 478 4230; x_wconf 86' lang='lat' dir='ltr'><strong>adnotat</strong></span> <span class='ocrx_word' id='word_1_287' title='bbox 509 4165 561 4229; x_wconf 91' lang='lat' dir='ltr'><strong>vir</strong></span> <span class='ocrx_word' id='word_1_288' title='bbox 581 4163 696 4230; x_wconf 85' lang='lat' dir='ltr'><strong>doctus</strong></span> <span class='ocrx_word' id='word_1_289' title='bbox 727 4167 844 4255; x_wconf 73' lang='grc' dir='ltr'><strong>τῇμὲν</strong></span> <span class='ocrx_word' id='word_1_290' title='bbox 867 4203 909 4214; x_wconf 86' lang='lat'>-</span> <span class='ocrx_word' id='word_1_291' title='bbox 930 4168 969 4250; x_wconf 69' lang='grc' dir='ltr'><strong>νῇ</strong></span> <span class='ocrx_word' id='word_1_292' title='bbox 991 4163 1029 4227; x_wconf 83' lang='grc' dir='ltr'><strong>δέ</strong></span> <span class='ocrx_word' id='word_1_293' title='bbox 1050 4185 1119 4230; x_wconf 89' lang='lat' dir='ltr'><strong>esse</strong></span> <span class='ocrx_word' id='word_1_294' title='bbox 1154 4185 1214 4251; x_wconf 87' lang='lat' dir='ltr'><strong>pro</strong></span> <span class='ocrx_word' id='word_1_295' title='bbox 1236 4183 1308 4250; x_wconf 91' lang='lat' dir='ltr'><strong>pro·</strong></span> <span class='ocrx_word' id='word_1_296' title='bbox 1420 4161 1421 4196; x_wconf 66' lang='lat' dir='ltr'><strong>l</strong></span> 
     </span>
     <span class='ocr_line' id='line_1_33' title="bbox 182 4280 1421 4374; baseline -0.002 -27"><span class='ocrx_word' id='word_1_297' title='bbox 182 4285 310 4349; x_wconf 91' lang='lat' dir='ltr'><strong>nomine</strong></span> <span class='ocrx_word' id='word_1_298' title='bbox 331 4280 527 4366; x_wconf 87' lang='lat' dir='ltr'><strong>habendum,</strong></span> <span class='ocrx_word' id='word_1_299' title='bbox 549 4303 648 4374; x_wconf 82' lang='lat' dir='ltr'><strong>quum</strong></span> <span class='ocrx_word' id='word_1_300' title='bbox 670 4282 713 4348; x_wconf 92' lang='lat' dir='ltr'><strong>ad</strong></span> <span class='ocrx_word' id='word_1_301' title='bbox 727 4291 908 4370; x_wconf 85' lang='lat' dir='ltr'><strong>utrumque</strong></span> <span class='ocrx_word' id='word_1_302' title='bbox 919 4283 1102 4364; x_wconf 84' lang='lat' dir='ltr'><strong>membrum</strong></span> <span class='ocrx_word' id='word_1_303' title='bbox 1124 4280 1212 4347; x_wconf 90' lang='lat' dir='ltr'><strong>idem</strong></span> <span class='ocrx_word' id='word_1_304' title='bbox 1238 4283 1313 4366; x_wconf 76' lang='lat' dir='ltr'><strong>per·&#39;</strong></span> <span class='ocrx_word' id='word_1_305' title='bbox 1420 4287 1421 4290; x_wconf 75' lang='grc'>’</span> 
     </span>
    </p>
   </div>
   <div class='ocr_carea' id='block_1_7' title="bbox 180 2051 1421 3076">
    <p class='ocr_par' dir='ltr' id='par_1_10' title="bbox 180 2051 1421 4014">
     <span class='ocr_line' id='line_1_34' title="bbox 1420 2051 1421 2082; baseline 0 0"><span class='ocrx_word' id='word_1_306' title='bbox 1420 2051 1421 2082; x_wconf 62' lang='lat' dir='ltr'><strong>t</strong></span> 
     </span>
     <span class='ocr_line' id='line_1_35' title="bbox 1420 2094 1421 2170; baseline 0 0"><span class='ocrx_word' id='word_1_307' title='bbox 1420 2094 1421 2170; x_wconf 88' lang='lat' dir='ltr'><strong>l</strong></span> 
     </span>
     <span class='ocr_line' id='line_1_36' title="bbox 1420 2207 1421 2264; baseline 0 -52"><span class='ocrx_word' id='word_1_308' title='bbox 1420 2207 1421 2264; x_wconf 74' lang='grc'><strong>,</strong></span> 
     </span>
     <span class='ocr_line' id='line_1_37' title="bbox 180 2987 1308 3076; baseline -0.002 -22"><span class='ocrx_word' id='word_1_309' title='bbox 180 2989 357 3076; x_wconf 87' lang='lat' dir='ltr'><strong>praecedit,</strong></span> <span class='ocrx_word' id='word_1_310' title='bbox 380 2989 500 3076; x_wconf 89' lang='lat' dir='ltr'><strong>quade</strong></span> <span class='ocrx_word' id='word_1_311' title='bbox 516 3010 613 3055; x_wconf 86' lang='lat' dir='ltr'><strong>causa</strong></span> <span class='ocrx_word' id='word_1_312' title='bbox 624 2988 778 3055; x_wconf 85' lang='lat' dir='ltr'><strong>articulus</strong></span> <span class='ocrx_word' id='word_1_313' title='bbox 794 3010 896 3076; x_wconf 90' lang='lat' dir='ltr'><strong>prope</strong></span> <span class='ocrx_word' id='word_1_314' title='bbox 908 2988 1035 3053; x_wconf 83' lang='lat' dir='ltr'><strong>aceedit</strong></span> <span class='ocrx_word' id='word_1_315' title='bbox 1056 2987 1099 3054; x_wconf 90' lang='lat' dir='ltr'><strong>ad</strong></span> <span class='ocrx_word' id='word_1_316' title='bbox 1114 2987 1308 3054; x_wconf 84' lang='lat' dir='ltr'><strong>demonstra·</strong></span> 
     </span>
    </p>
   </div>
   <div class='ocr_carea' id='block_1_8' title="bbox 0 0 1442 4900">
    <p class='ocr_par' dir='ltr' id='par_1_11' title="bbox 0 0 1442 4900">
     <span class='ocr_line' id='line_1_38' title="bbox 0 0 1442 4900; baseline 0 0"><span class='ocrx_word' id='word_1_317' title='bbox 0 0 1442 4900; x_wconf 95' lang='lat' dir='ltr'><strong> </strong></span> 
     </span>
    </p>
   </div>
  </div>
 </body>
</html>
