<?xml version="1.0" encoding="UTF-8"?>
<!DOCTYPE html PUBLIC "-//W3C//DTD XHTML 1.0 Transitional//EN"
    "http://www.w3.org/TR/xhtml1/DTD/xhtml1-transitional.dtd">
<html xmlns="http://www.w3.org/1999/xhtml" xml:lang="en" lang="en">
 <head>
  <title>
</title>
<meta http-equiv="Content-Type" content="text/html;charset=utf-8" />
  <meta name='ocr-system' content='tesseract 3.04.00' />
  <meta name='ocr-capabilities' content='ocr_page ocr_carea ocr_par ocr_line ocrx_word'/>
</head>
<body>
  <div class='ocr_page' id='page_1' title='image "./quaestionesaris00wehrgoog_0067.png"; bbox 0 0 2874 4910; ppageno 0'>
   <div class='ocr_carea' id='block_1_1' title="bbox 725 308 769 378">
    <p class='ocr_par' dir='ltr' id='par_1_1' title="bbox 725 308 769 378">
     <span class='ocr_line' id='line_1_1' title="bbox 725 308 769 378; baseline 0.045 -2"><span class='ocrx_word' id='word_1_1' title='bbox 725 308 769 378; x_wconf 80' lang='lat'><strong>62</strong></span> 
     </span>
    </p>
   </div>
   <div class='ocr_carea' id='block_1_2' title="bbox 186 487 1352 1177">
    <p class='ocr_par' dir='ltr' id='par_1_2' title="bbox 186 487 1352 1177">
     <span class='ocr_line' id='line_1_2' title="bbox 186 487 1347 576; baseline -0.005 -18"><span class='ocrx_word' id='word_1_2' title='bbox 186 493 271 558; x_wconf 87' lang='lat' dir='ltr'><strong>enim</strong></span> <span class='ocrx_word' id='word_1_3' title='bbox 303 489 357 556; x_wconf 91' lang='lat' dir='ltr'><strong>ille</strong></span> <span class='ocrx_word' id='word_1_4' title='bbox 379 489 421 556; x_wconf 89' lang='lat' dir='ltr'><strong>ad</strong></span> <span class='ocrx_word' id='word_1_5' title='bbox 444 489 481 557; x_wconf 90' lang='lat' dir='ltr'><strong>Il.</strong></span> <span class='ocrx_word' id='word_1_6' title='bbox 516 514 547 574; x_wconf 83' lang='grc' dir='ltr'><strong>μ.</strong></span> <span class='ocrx_word' id='word_1_7' title='bbox 572 490 652 555; x_wconf 82' lang='lat' dir='ltr'><strong>v.17</strong></span> <span class='ocrx_word' id='word_1_8' title='bbox 675 489 710 554; x_wconf 77' lang='lat' dir='ltr'><strong>ad</strong></span> <span class='ocrx_word' id='word_1_9' title='bbox 732 487 769 555; x_wconf 76' lang='lat' dir='ltr'><strong>dt</strong></span> <span class='ocrx_word' id='word_1_10' title='bbox 791 488 831 576; x_wconf 63' lang='lat' dir='ltr'><strong>dp</strong></span> <span class='ocrx_word' id='word_1_11' title='bbox 852 489 919 554; x_wconf 73' lang='lat' dir='ltr'><strong>adra</strong></span> <span class='ocrx_word' id='word_1_12' title='bbox 943 488 1111 576; x_wconf 75' lang='grc' dir='ltr'><strong>Μιλησίων</strong></span> <span class='ocrx_word' id='word_1_13' title='bbox 1121 489 1225 554; x_wconf 73' lang='grc' dir='ltr'><strong><em>ἐστὶν</em></strong></span> <span class='ocrx_word' id='word_1_14' title='bbox 1253 487 1347 552; x_wconf 78' lang='grc' dir='ltr'><em>α’να-</em></span> 
     </span>
     <span class='ocr_line' id='line_1_3' title="bbox 186 607 1347 696; baseline -0.002 -22"><span class='ocrx_word' id='word_1_15' title='bbox 186 610 305 696; x_wconf 71' lang='grc' dir='ltr'><strong><em>στροφὴ</em></strong></span> <span class='ocrx_word' id='word_1_16' title='bbox 329 613 410 674; x_wconf 72' lang='grc' dir='ltr'><strong>κατὰ</strong></span> <span class='ocrx_word' id='word_1_17' title='bbox 431 609 504 684; x_wconf 74' lang='grc' dir='ltr'><strong><em>τοὺς</em></strong></span> <span class='ocrx_word' id='word_1_18' title='bbox 525 607 696 690; x_wconf 62' lang='lat' dir='ltr'><strong>natatoria,</strong></span> <span class='ocrx_word' id='word_1_19' title='bbox 719 609 753 673; x_wconf 78' lang='lat' dir='ltr'><strong>ad</strong></span> <span class='ocrx_word' id='word_1_20' title='bbox 776 607 813 673; x_wconf 74' lang='grc' dir='ltr'><strong>δὲ</strong></span> <span class='ocrx_word' id='word_1_21' title='bbox 835 607 947 673; x_wconf 76' lang='grc' dir='ltr'><strong><em>κοινὸν</em></strong></span> <span class='ocrx_word' id='word_1_22' title='bbox 969 608 1036 676; x_wconf 76' lang='grc' dir='ltr'><strong>τότε</strong></span> <span class='ocrx_word' id='word_1_23' title='bbox 1058 607 1112 694; x_wconf 76' lang='grc' dir='ltr'><strong>δή.</strong></span> <span class='ocrx_word' id='word_1_24' title='bbox 1158 608 1347 676; x_wconf 82' lang='lat' dir='ltr'><strong>Ceterum</strong></span> 
     </span>
     <span class='ocr_line' id='line_1_4' title="bbox 186 724 1348 819; baseline -0.009 -17"><span class='ocrx_word' id='word_1_25' title='bbox 186 739 323 818; x_wconf 82' lang='lat' dir='ltr'><strong>utroque</strong></span> <span class='ocrx_word' id='word_1_26' title='bbox 346 727 416 796; x_wconf 90' lang='lat' dir='ltr'><strong>loco</strong></span> <span class='ocrx_word' id='word_1_27' title='bbox 449 727 538 816; x_wconf 91' lang='lat' dir='ltr'><strong>apud</strong></span> <span class='ocrx_word' id='word_1_28' title='bbox 558 727 809 819; x_wconf 79' lang='lat' dir='ltr'><strong>Aristophanem</strong></span> <span class='ocrx_word' id='word_1_29' title='bbox 839 726 909 793; x_wconf 78' lang='grc' dir='ltr'><strong>τότε</strong></span> <span class='ocrx_word' id='word_1_30' title='bbox 942 724 983 815; x_wconf 80' lang='grc' dir='ltr'><strong>δή</strong></span> <span class='ocrx_word' id='word_1_31' title='bbox 1012 727 1170 817; x_wconf 89' lang='lat' dir='ltr'><strong>apodosin</strong></span> <span class='ocrx_word' id='word_1_32' title='bbox 1222 725 1348 809; x_wconf 85' lang='lat' dir='ltr'><strong>infert,</strong></span> 
     </span>
     <span class='ocr_line' id='line_1_5' title="bbox 188 845 1351 935; baseline -0.002 -23"><span class='ocrx_word' id='word_1_33' title='bbox 188 849 279 935; x_wconf 88' lang='lat' dir='ltr'><strong>eujus</strong></span> <span class='ocrx_word' id='word_1_34' title='bbox 301 849 438 935; x_wconf 86' lang='lat' dir='ltr'><strong>protasis</strong></span> <span class='ocrx_word' id='word_1_35' title='bbox 460 848 636 914; x_wconf 86' lang='lat' dir='ltr'><strong>seeundum</strong></span> <span class='ocrx_word' id='word_1_36' title='bbox 658 871 751 914; x_wconf 89' lang='lat' dir='ltr'><strong>usum</strong></span> <span class='ocrx_word' id='word_1_37' title='bbox 768 847 968 916; x_wconf 87' lang='lat' dir='ltr'><strong>homericum</strong></span> <span class='ocrx_word' id='word_1_38' title='bbox 985 845 1225 934; x_wconf 69' lang='lat' dir='ltr'><strong>verbisadwtp</strong></span> <span class='ocrx_word' id='word_1_39' title='bbox 1256 845 1351 932; x_wconf 68' lang='grc' dir='ltr'><strong>ἐπῆν</strong></span> 
     </span>
     <span class='ocr_line' id='line_1_6' title="bbox 190 962 1350 1055; baseline -0.003 -23"><span class='ocrx_word' id='word_1_40' title='bbox 190 974 223 1032; x_wconf 86' lang='lat' dir='ltr'><strong>et</strong></span> <span class='ocrx_word' id='word_1_41' title='bbox 245 962 318 1031; x_wconf 75' lang='grc' dir='ltr'><strong>ἀλλ’</strong></span> <span class='ocrx_word' id='word_1_42' title='bbox 341 964 465 1032; x_wconf 72' lang='grc' dir='ltr'><strong><em>ὁπόταν</em></strong></span> <span class='ocrx_word' id='word_1_43' title='bbox 486 967 662 1035; x_wconf 81' lang='lat' dir='ltr'><strong>inducitur.</strong></span> <span class='ocrx_word' id='word_1_44' title='bbox 706 968 813 1034; x_wconf 87' lang='lat' dir='ltr'><strong>Attice</strong></span> <span class='ocrx_word' id='word_1_45' title='bbox 835 966 961 1035; x_wconf 89' lang='lat' dir='ltr'><strong>locutus</strong></span> <span class='ocrx_word' id='word_1_46' title='bbox 983 976 1031 1033; x_wconf 90' lang='lat' dir='ltr'><strong>est</strong></span> <span class='ocrx_word' id='word_1_47' title='bbox 1061 972 1158 1055; x_wconf 67' lang='lat' dir='ltr'><strong>poeta</strong></span> <span class='ocrx_word' id='word_1_48' title='bbox 1180 967 1291 1046; x_wconf 82' lang='lat' dir='ltr'><strong>Rau.</strong></span> <span class='ocrx_word' id='word_1_49' title='bbox 1318 987 1350 1030; x_wconf 89' lang='lat' dir='ltr'><strong>v.</strong></span> 
     </span>
     <span class='ocr_line' id='line_1_7' title="bbox 189 1084 1352 1177; baseline -0.003 -24"><span class='ocrx_word' id='word_1_50' title='bbox 189 1085 262 1170; x_wconf 84' lang='lat'><strong>816,</strong></span> <span class='ocrx_word' id='word_1_51' title='bbox 286 1109 349 1175; x_wconf 93' lang='lat' dir='ltr'><strong>quo</strong></span> <span class='ocrx_word' id='word_1_52' title='bbox 370 1086 441 1154; x_wconf 91' lang='lat' dir='ltr'><strong>loco</strong></span> <span class='ocrx_word' id='word_1_53' title='bbox 466 1085 508 1173; x_wconf 77' lang='grc' dir='ltr'><strong>δή</strong></span> <span class='ocrx_word' id='word_1_54' title='bbox 529 1111 627 1177; x_wconf 93' lang='lat' dir='ltr'><strong>quum</strong></span> <span class='ocrx_word' id='word_1_55' title='bbox 651 1086 920 1154; x_wconf 87' lang='lat' dir='ltr'><strong>demonstrativae</strong></span> <span class='ocrx_word' id='word_1_56' title='bbox 947 1087 1125 1175; x_wconf 81' lang='lat' dir='ltr'><strong>particulae</strong></span> <span class='ocrx_word' id='word_1_57' title='bbox 1152 1084 1238 1150; x_wconf 65' lang='grc' dir='ltr'><strong>τότε</strong></span> <span class='ocrx_word' id='word_1_58' title='bbox 1267 1085 1352 1150; x_wconf 81' lang='lat' dir='ltr'><strong>effe</strong></span> 
     </span>
    </p>
   </div>
   <div class='ocr_carea' id='block_1_3' title="bbox 188 1204 1350 1651">
    <p class='ocr_par' dir='ltr' id='par_1_3' title="bbox 188 1204 1350 1413">
     <span class='ocr_line' id='line_1_8' title="bbox 188 1204 1350 1295; baseline -0.003 -24"><span class='ocrx_word' id='word_1_59' title='bbox 188 1205 310 1272; x_wconf 87' lang='lat' dir='ltr'><strong>rendae</strong></span> <span class='ocrx_word' id='word_1_60' title='bbox 343 1207 514 1288; x_wconf 74' lang='lat' dir='ltr'><strong>inserviat,</strong></span> <span class='ocrx_word' id='word_1_61' title='bbox 555 1229 645 1273; x_wconf 87' lang='lat' dir='ltr'><strong>more</strong></span> <span class='ocrx_word' id='word_1_62' title='bbox 674 1208 772 1273; x_wconf 88' lang='lat' dir='ltr'><strong>attico</strong></span> <span class='ocrx_word' id='word_1_63' title='bbox 802 1207 947 1295; x_wconf 89' lang='lat' dir='ltr'><strong>sequitur</strong></span> <span class='ocrx_word' id='word_1_64' title='bbox 984 1227 1110 1287; x_wconf 86' lang='lat' dir='ltr'><strong>vocem,</strong></span> <span class='ocrx_word' id='word_1_65' title='bbox 1148 1204 1195 1271; x_wconf 92' lang='lat' dir='ltr'><strong>ad</strong></span> <span class='ocrx_word' id='word_1_66' title='bbox 1235 1225 1350 1292; x_wconf 87' lang='lat' dir='ltr'><strong>quam</strong></span> 
     </span>
     <span class='ocr_line' id='line_1_9' title="bbox 192 1326 341 1413; baseline -0.007 -22"><span class='ocrx_word' id='word_1_67' title='bbox 192 1326 341 1413; x_wconf 84' lang='lat' dir='ltr'><strong>pertinet.</strong></span> 
     </span>
    </p>

    <p class='ocr_par' dir='ltr' id='par_1_4' title="bbox 191 1420 1348 1651">
     <span class='ocr_line' id='line_1_10' title="bbox 280 1420 1348 1533; baseline -0.007 -21"><span class='ocrx_word' id='word_1_68' title='bbox 280 1444 440 1512; x_wconf 83' lang='lat' dir='ltr'><strong>Omnibus</strong></span> <span class='ocrx_word' id='word_1_69' title='bbox 462 1454 569 1511; x_wconf 87' lang='lat' dir='ltr'><strong>autem</strong></span> <span class='ocrx_word' id='word_1_70' title='bbox 592 1445 672 1511; x_wconf 86' lang='lat' dir='ltr'><strong>locis</strong></span> <span class='ocrx_word' id='word_1_71' title='bbox 695 1467 774 1533; x_wconf 89' lang='lat' dir='ltr'><strong>quos</strong></span> <span class='ocrx_word' id='word_1_72' title='bbox 797 1420 889 1510; x_wconf 83' lang='lat' dir='ltr'><strong>attuli</strong></span> <span class='ocrx_word' id='word_1_73' title='bbox 912 1465 951 1510; x_wconf 92' lang='lat' dir='ltr'><strong>ea</strong></span> <span class='ocrx_word' id='word_1_74' title='bbox 974 1441 1088 1509; x_wconf 86' lang='lat' dir='ltr'><strong>vocula</strong></span> <span class='ocrx_word' id='word_1_75' title='bbox 1117 1441 1348 1528; x_wconf 84' lang='lat' dir='ltr'><strong>significatur</strong></span> 
     </span>
     <span class='ocr_line' id='line_1_11' title="bbox 191 1548 1345 1651; baseline -0.005 -22"><span class='ocrx_word' id='word_1_76' title='bbox 191 1565 350 1629; x_wconf 90' lang='lat' dir='ltr'><strong>actionem</strong></span> <span class='ocrx_word' id='word_1_77' title='bbox 373 1585 409 1629; x_wconf 89' lang='lat' dir='ltr'><strong>eo</strong></span> <span class='ocrx_word' id='word_1_78' title='bbox 432 1571 576 1651; x_wconf 90' lang='lat' dir='ltr'><strong>tempore</strong></span> <span class='ocrx_word' id='word_1_79' title='bbox 599 1563 640 1628; x_wconf 89' lang='lat' dir='ltr'><strong>ad</strong></span> <span class='ocrx_word' id='word_1_80' title='bbox 665 1571 788 1630; x_wconf 87' lang='lat' dir='ltr'><strong>certum</strong></span> <span class='ocrx_word' id='word_1_81' title='bbox 811 1562 973 1650; x_wconf 86' lang='lat' dir='ltr'><strong>quendam</strong></span> <span class='ocrx_word' id='word_1_82' title='bbox 995 1562 1091 1626; x_wconf 88' lang='lat' dir='ltr'><strong>finem</strong></span> <span class='ocrx_word' id='word_1_83' title='bbox 1113 1548 1345 1648; x_wconf 81' lang='lat' dir='ltr'><strong>progressam</strong></span> 
     </span>
    </p>
   </div>
   <div class='ocr_carea' id='block_1_4' title="bbox 191 1677 1346 4390">
    <p class='ocr_par' dir='ltr' id='par_1_5' title="bbox 191 1677 1346 2601">
     <span class='ocr_line' id='line_1_12' title="bbox 193 1677 1346 1770; baseline -0.004 -24"><span class='ocrx_word' id='word_1_84' title='bbox 193 1703 270 1765; x_wconf 85' lang='lat' dir='ltr'><strong>esse,</strong></span> <span class='ocrx_word' id='word_1_85' title='bbox 292 1703 356 1770; x_wconf 92' lang='lat' dir='ltr'><strong>quo</strong></span> <span class='ocrx_word' id='word_1_86' title='bbox 379 1683 434 1770; x_wconf 90' lang='lat' dir='ltr'><strong>qui</strong></span> <span class='ocrx_word' id='word_1_87' title='bbox 456 1683 498 1747; x_wconf 88' lang='lat' dir='ltr'><strong>sit</strong></span> <span class='ocrx_word' id='word_1_88' title='bbox 519 1680 647 1747; x_wconf 79' lang='lat' dir='ltr'><strong>futurus</strong></span> <span class='ocrx_word' id='word_1_89' title='bbox 669 1682 774 1748; x_wconf 87' lang='lat' dir='ltr'><strong>exitus</strong></span> <span class='ocrx_word' id='word_1_90' title='bbox 790 1681 959 1747; x_wconf 79' lang='lat' dir='ltr'><strong>manifesto</strong></span> <span class='ocrx_word' id='word_1_91' title='bbox 977 1689 1142 1769; x_wconf 79' lang='lat' dir='ltr'><strong>appareat,</strong></span> <span class='ocrx_word' id='word_1_92' title='bbox 1165 1689 1226 1746; x_wconf 88' lang='lat' dir='ltr'><strong>aut</strong></span> <span class='ocrx_word' id='word_1_93' title='bbox 1255 1677 1346 1744; x_wconf 89' lang='lat' dir='ltr'><strong>inde</strong></span> 
     </span>
     <span class='ocr_line' id='line_1_13' title="bbox 193 1799 1342 1888; baseline -0.005 -20"><span class='ocrx_word' id='word_1_94' title='bbox 193 1823 298 1888; x_wconf 90' lang='lat' dir='ltr'><strong>aquo</strong></span> <span class='ocrx_word' id='word_1_95' title='bbox 321 1802 355 1866; x_wconf 91' lang='lat' dir='ltr'><strong>in</strong></span> <span class='ocrx_word' id='word_1_96' title='bbox 377 1823 486 1866; x_wconf 87' lang='lat' dir='ltr'><strong>rerum</strong></span> <span class='ocrx_word' id='word_1_97' title='bbox 508 1801 644 1866; x_wconf 89' lang='lat' dir='ltr'><strong>veritate</strong></span> <span class='ocrx_word' id='word_1_98' title='bbox 676 1801 815 1865; x_wconf 85' lang='lat' dir='ltr'><strong>existere</strong></span> <span class='ocrx_word' id='word_1_99' title='bbox 847 1801 991 1887; x_wconf 80' lang='lat' dir='ltr'><strong>incipiat.</strong></span> <span class='ocrx_word' id='word_1_100' title='bbox 1046 1799 1201 1866; x_wconf 80' lang='lat' dir='ltr'><strong>Ceterum</strong></span> <span class='ocrx_word' id='word_1_101' title='bbox 1239 1806 1342 1864; x_wconf 90' lang='lat' dir='ltr'><strong>recte</strong></span> 
     </span>
     <span class='ocr_line' id='line_1_14' title="bbox 193 1918 1341 2008; baseline -0.005 -24"><span class='ocrx_word' id='word_1_102' title='bbox 193 1919 347 2004; x_wconf 87' lang='lat' dir='ltr'><strong>fecerunt,</strong></span> <span class='ocrx_word' id='word_1_103' title='bbox 371 1921 427 2008; x_wconf 91' lang='lat' dir='ltr'><strong>qui</strong></span> <span class='ocrx_word' id='word_1_104' title='bbox 448 1920 529 1986; x_wconf 88' lang='lat' dir='ltr'><strong>Rau.</strong></span> <span class='ocrx_word' id='word_1_105' title='bbox 552 1943 583 1984; x_wconf 89' lang='lat' dir='ltr'><strong>v.</strong></span> <span class='ocrx_word' id='word_1_106' title='bbox 607 1919 668 1987; x_wconf 79' lang='grc'><strong>761</strong></span> <span class='ocrx_word' id='word_1_107' title='bbox 693 1927 805 1985; x_wconf 84' lang='lat' dir='ltr'><strong>contra</strong></span> <span class='ocrx_word' id='word_1_108' title='bbox 827 1918 922 1985; x_wconf 90' lang='lat' dir='ltr'><strong>codd.</strong></span> <span class='ocrx_word' id='word_1_109' title='bbox 945 1919 1079 1986; x_wconf 88' lang='lat' dir='ltr'><strong>Baroco.</strong></span> <span class='ocrx_word' id='word_1_110' title='bbox 1108 1927 1141 1984; x_wconf 86' lang='lat' dir='ltr'><strong>et</strong></span> <span class='ocrx_word' id='word_1_111' title='bbox 1164 1918 1341 1986; x_wconf 70' lang='lat' dir='ltr'><strong>cantabr.</strong></span> 
     </span>
     <span class='ocr_line' id='line_1_15' title="bbox 194 2035 1338 2127; baseline -0.002 -25"><span class='ocrx_word' id='word_1_112' title='bbox 194 2039 231 2120; x_wconf 94' lang='lat' dir='ltr'><strong>I.,</strong></span> <span class='ocrx_word' id='word_1_113' title='bbox 256 2040 310 2126; x_wconf 89' lang='lat' dir='ltr'><strong>qui</strong></span> <span class='ocrx_word' id='word_1_114' title='bbox 333 2038 491 2127; x_wconf 86' lang='lat' dir='ltr'><strong>praebent</strong></span> <span class='ocrx_word' id='word_1_115' title='bbox 512 2037 579 2102; x_wconf 74' lang='lat' dir='ltr'><strong>adas</strong></span> <span class='ocrx_word' id='word_1_116' title='bbox 603 2037 645 2125; x_wconf 78' lang='grc' dir='ltr'><strong>δή</strong></span> <span class='ocrx_word' id='word_1_117' title='bbox 667 2037 840 2105; x_wconf 89' lang='lat' dir='ltr'><strong>ediderunt</strong></span> <span class='ocrx_word' id='word_1_118' title='bbox 860 2035 931 2103; x_wconf 71' lang='grc' dir='ltr'><strong>τότε</strong></span> <span class='ocrx_word' id='word_1_119' title='bbox 952 2035 999 2102; x_wconf 80' lang='grc' dir='ltr'><strong>δὲ.</strong></span> <span class='ocrx_word' id='word_1_120' title='bbox 1043 2037 1116 2103; x_wconf 90' lang='lat' dir='ltr'><strong>Hoc</strong></span> <span class='ocrx_word' id='word_1_121' title='bbox 1139 2039 1228 2103; x_wconf 92' lang='lat' dir='ltr'><strong>enim</strong></span> <span class='ocrx_word' id='word_1_122' title='bbox 1256 2037 1338 2102; x_wconf 89' lang='lat' dir='ltr'><strong>loeo</strong></span> 
     </span>
     <span class='ocr_line' id='line_1_16' title="bbox 195 2157 1338 2246; baseline -0.001 -26"><span class='ocrx_word' id='word_1_123' title='bbox 195 2165 227 2221; x_wconf 90' lang='lat' dir='ltr'><strong>et</strong></span> <span class='ocrx_word' id='word_1_124' title='bbox 248 2157 426 2244; x_wconf 88' lang='lat' dir='ltr'><strong>postulatur</strong></span> <span class='ocrx_word' id='word_1_125' title='bbox 448 2159 606 2246; x_wconf 89' lang='lat' dir='ltr'><strong>oppositio</strong></span> <span class='ocrx_word' id='word_1_126' title='bbox 628 2179 732 2244; x_wconf 89' lang='lat' dir='ltr'><strong>neque</strong></span> <span class='ocrx_word' id='word_1_127' title='bbox 756 2157 931 2245; x_wconf 88' lang='lat' dir='ltr'><strong>quidquam</strong></span> <span class='ocrx_word' id='word_1_128' title='bbox 954 2157 1061 2241; x_wconf 83' lang='lat' dir='ltr'><strong>refert,</strong></span> <span class='ocrx_word' id='word_1_129' title='bbox 1083 2165 1189 2223; x_wconf 86' lang='lat' dir='ltr'><strong>utrum</strong></span> <span class='ocrx_word' id='word_1_130' title='bbox 1204 2178 1338 2242; x_wconf 86' lang='lat' dir='ltr'><strong>magna</strong></span> 
     </span>
     <span class='ocr_line' id='line_1_17' title="bbox 195 2275 1336 2364; baseline 0.003 -23"><span class='ocrx_word' id='word_1_131' title='bbox 195 2299 269 2341; x_wconf 91' lang='lat' dir='ltr'><strong>cum</strong></span> <span class='ocrx_word' id='word_1_132' title='bbox 291 2277 326 2342; x_wconf 87' lang='lat' dir='ltr'><strong>vi</strong></span> <span class='ocrx_word' id='word_1_133' title='bbox 348 2277 474 2342; x_wconf 89' lang='lat' dir='ltr'><strong>dicatur</strong></span> <span class='ocrx_word' id='word_1_134' title='bbox 496 2285 625 2364; x_wconf 73' lang='lat' dir='ltr'><strong>poetam</strong></span> <span class='ocrx_word' id='word_1_135' title='bbox 656 2277 788 2342; x_wconf 86' lang='lat' dir='ltr'><strong>minoris</strong></span> <span class='ocrx_word' id='word_1_136' title='bbox 811 2279 908 2364; x_wconf 92' lang='lat' dir='ltr'><strong>pretii</strong></span> <span class='ocrx_word' id='word_1_137' title='bbox 930 2275 1038 2341; x_wconf 88' lang='lat' dir='ltr'><strong>sellam</strong></span> <span class='ocrx_word' id='word_1_138' title='bbox 1061 2296 1118 2359; x_wconf 90' lang='lat' dir='ltr'><strong>„eo</strong></span> <span class='ocrx_word' id='word_1_139' title='bbox 1141 2277 1213 2359; x_wconf 78' lang='lat' dir='ltr'><strong>ipso</strong></span> <span class='ocrx_word' id='word_1_140' title='bbox 1252 2283 1336 2344; x_wconf 78' lang='lat' dir='ltr'><strong>tem·</strong></span> 
     </span>
     <span class='ocr_line' id='line_1_18' title="bbox 191 2394 1334 2483; baseline -0.002 -23"><span class='ocrx_word' id='word_1_141' title='bbox 191 2397 286 2476; x_wconf 78' lang='lat' dir='ltr'><strong>poris</strong></span> <span class='ocrx_word' id='word_1_142' title='bbox 301 2400 446 2477; x_wconf 77' lang='lat' dir='ltr'><strong>puncto“</strong></span> <span class='ocrx_word' id='word_1_143' title='bbox 467 2394 650 2483; x_wconf 86' lang='lat' dir='ltr'><strong>relinquere</strong></span> <span class='ocrx_word' id='word_1_144' title='bbox 673 2394 802 2480; x_wconf 92' lang='lat' dir='ltr'><strong>debere,</strong></span> <span class='ocrx_word' id='word_1_145' title='bbox 825 2417 940 2481; x_wconf 81' lang='lat' dir='ltr'><strong>necne3</strong></span> <span class='ocrx_word' id='word_1_146' title='bbox 963 2396 1082 2463; x_wconf 86' lang='lat' dir='ltr'><strong>sufficit</strong></span> <span class='ocrx_word' id='word_1_147' title='bbox 1105 2395 1227 2464; x_wconf 86' lang='lat' dir='ltr'><strong>dixisse</strong></span> <span class='ocrx_word' id='word_1_148' title='bbox 1254 2415 1334 2460; x_wconf 93' lang='lat' dir='ltr'><strong>eum</strong></span> 
     </span>
     <span class='ocr_line' id='line_1_19' title="bbox 197 2511 753 2601; baseline -0.004 -23"><span class='ocrx_word' id='word_1_149' title='bbox 197 2514 325 2578; x_wconf 91' lang='lat' dir='ltr'><strong>omnino</strong></span> <span class='ocrx_word' id='word_1_150' title='bbox 348 2511 464 2579; x_wconf 89' lang='lat' dir='ltr'><strong>cedere</strong></span> <span class='ocrx_word' id='word_1_151' title='bbox 487 2512 607 2580; x_wconf 89' lang='lat' dir='ltr'><strong>debere</strong></span> <span class='ocrx_word' id='word_1_152' title='bbox 629 2515 753 2601; x_wconf 87' lang='lat' dir='ltr'><strong>majori.</strong></span> 
     </span>
    </p>

    <p class='ocr_par' dir='ltr' id='par_1_6' title="bbox 197 2631 1334 4269">
     <span class='ocr_line' id='line_1_20' title="bbox 285 2631 1334 2721; baseline -0.002 -23"><span class='ocrx_word' id='word_1_153' title='bbox 285 2632 387 2698; x_wconf 87' lang='lat' dir='ltr'><strong>Simili</strong></span> <span class='ocrx_word' id='word_1_154' title='bbox 410 2642 515 2699; x_wconf 91' lang='lat' dir='ltr'><strong>autem</strong></span> <span class='ocrx_word' id='word_1_155' title='bbox 539 2633 635 2699; x_wconf 91' lang='lat' dir='ltr'><strong>modo</strong></span> <span class='ocrx_word' id='word_1_156' title='bbox 657 2642 753 2720; x_wconf 89' lang='lat' dir='ltr'><strong>atque</strong></span> <span class='ocrx_word' id='word_1_157' title='bbox 782 2634 941 2721; x_wconf 84' lang='lat' dir='ltr'><strong>particula</strong></span> <span class='ocrx_word' id='word_1_158' title='bbox 979 2631 1165 2721; x_wconf 87' lang='lat' dir='ltr'><strong>temporalis</strong></span> <span class='ocrx_word' id='word_1_159' title='bbox 1197 2631 1334 2698; x_wconf 90' lang='lat' dir='ltr'><strong>demon·</strong></span> 
     </span>
     <span class='ocr_line' id='line_1_21' title="bbox 197 2752 1332 2842; baseline -0.004 -22"><span class='ocrx_word' id='word_1_160' title='bbox 197 2752 332 2820; x_wconf 88' lang='lat' dir='ltr'><strong>strativa</strong></span> <span class='ocrx_word' id='word_1_161' title='bbox 353 2753 422 2817; x_wconf 68' lang='grc' dir='ltr'><strong>τότε</strong></span> <span class='ocrx_word' id='word_1_162' title='bbox 444 2755 541 2820; x_wconf 88' lang='lat' dir='ltr'><strong>etiam</strong></span> <span class='ocrx_word' id='word_1_163' title='bbox 563 2753 644 2820; x_wconf 88' lang='lat' dir='ltr'><strong>aliae</strong></span> <span class='ocrx_word' id='word_1_164' title='bbox 667 2776 764 2820; x_wconf 89' lang='lat' dir='ltr'><strong>voces</strong></span> <span class='ocrx_word' id='word_1_165' title='bbox 788 2753 1066 2838; x_wconf 86' lang='lat' dir='ltr'><strong>demonstrativae,</strong></span> <span class='ocrx_word' id='word_1_166' title='bbox 1090 2777 1189 2841; x_wconf 93' lang='lat' dir='ltr'><strong>quum</strong></span> <span class='ocrx_word' id='word_1_167' title='bbox 1211 2775 1332 2842; x_wconf 83' lang='lat' dir='ltr'><strong>prono</strong></span> 
     </span>
     <span class='ocr_line' id='line_1_22' title="bbox 202 2871 1333 2962; baseline -0.002 -24"><span class='ocrx_word' id='word_1_168' title='bbox 202 2874 290 2938; x_wconf 89' lang='lat' dir='ltr'><strong>mina</strong></span> <span class='ocrx_word' id='word_1_169' title='bbox 311 2881 380 2940; x_wconf 92' lang='lat' dir='ltr'><strong>tum</strong></span> <span class='ocrx_word' id='word_1_170' title='bbox 402 2871 576 2957; x_wconf 89' lang='lat' dir='ltr'><strong>adverbia,</strong></span> <span class='ocrx_word' id='word_1_171' title='bbox 605 2881 756 2962; x_wconf 90' lang='lat' dir='ltr'><strong>sequente</strong></span> <span class='ocrx_word' id='word_1_172' title='bbox 779 2873 937 2961; x_wconf 87' lang='lat' dir='ltr'><strong>particula</strong></span> <span class='ocrx_word' id='word_1_173' title='bbox 959 2871 1001 2958; x_wconf 80' lang='grc' dir='ltr'><strong>δή</strong></span> <span class='ocrx_word' id='word_1_174' title='bbox 1024 2872 1175 2959; x_wconf 84' lang='lat' dir='ltr'><strong>leguntur</strong></span> <span class='ocrx_word' id='word_1_175' title='bbox 1196 2875 1260 2958; x_wconf 89' lang='lat' dir='ltr'><strong>ita,</strong></span> <span class='ocrx_word' id='word_1_176' title='bbox 1297 2879 1333 2937; x_wconf 92' lang='lat' dir='ltr'><strong>ut</strong></span> 
     </span>
     <span class='ocr_line' id='line_1_23' title="bbox 204 2991 1330 3077; baseline -0.004 -22"><span class='ocrx_word' id='word_1_177' title='bbox 204 3013 314 3056; x_wconf 89' lang='lat' dir='ltr'><strong>eorum</strong></span> <span class='ocrx_word' id='word_1_178' title='bbox 343 2993 410 3056; x_wconf 92' lang='lat' dir='ltr'><strong>vim</strong></span> <span class='ocrx_word' id='word_1_179' title='bbox 438 2999 563 3077; x_wconf 88' lang='lat' dir='ltr'><strong>augeat,</strong></span> <span class='ocrx_word' id='word_1_180' title='bbox 595 2991 720 3057; x_wconf 88' lang='lat' dir='ltr'><strong>addens</strong></span> <span class='ocrx_word' id='word_1_181' title='bbox 757 2991 1024 3077; x_wconf 88' lang='lat' dir='ltr'><strong>significationem</strong></span> <span class='ocrx_word' id='word_1_182' title='bbox 1051 2992 1098 3056; x_wconf 92' lang='lat' dir='ltr'><strong>rei</strong></span> <span class='ocrx_word' id='word_1_183' title='bbox 1127 2991 1330 3056; x_wconf 82' lang='lat' dir='ltr'><strong>manifestae.</strong></span> 
     </span>
     <span class='ocr_line' id='line_1_24' title="bbox 202 3108 1332 3197; baseline -0.002 -25"><span class='ocrx_word' id='word_1_184' title='bbox 202 3108 309 3194; x_wconf 89' lang='lat' dir='ltr'><strong>Atque</strong></span> <span class='ocrx_word' id='word_1_185' title='bbox 331 3111 365 3174; x_wconf 91' lang='lat' dir='ltr'><strong>in</strong></span> <span class='ocrx_word' id='word_1_186' title='bbox 388 3109 437 3174; x_wconf 85' lang='lat' dir='ltr'><strong>his</strong></span> <span class='ocrx_word' id='word_1_187' title='bbox 459 3111 616 3197; x_wconf 89' lang='lat' dir='ltr'><strong>imprimis</strong></span> <span class='ocrx_word' id='word_1_188' title='bbox 638 3109 780 3176; x_wconf 88' lang='lat' dir='ltr'><strong>notanda</strong></span> <span class='ocrx_word' id='word_1_189' title='bbox 804 3120 851 3178; x_wconf 88' lang='lat' dir='ltr'><strong>est</strong></span> <span class='ocrx_word' id='word_1_190' title='bbox 872 3110 1009 3178; x_wconf 87' lang='lat' dir='ltr'><strong>formula</strong></span> <span class='ocrx_word' id='word_1_191' title='bbox 1040 3113 1140 3173; x_wconf 73' lang='grc' dir='ltr'><strong><em>ταῦτα</em></strong></span> <span class='ocrx_word' id='word_1_192' title='bbox 1170 3108 1213 3195; x_wconf 77' lang='lat' dir='ltr'><strong>dq&#39;</strong></span> <span class='ocrx_word' id='word_1_193' title='bbox 1245 3129 1332 3197; x_wconf 90' lang='lat' dir='ltr'><strong>quae</strong></span> 
     </span>
     <span class='ocr_line' id='line_1_25' title="bbox 202 3226 1331 3316; baseline -0.001 -24"><span class='ocrx_word' id='word_1_194' title='bbox 202 3226 290 3314; x_wconf 89' lang='lat' dir='ltr'><strong>apud</strong></span> <span class='ocrx_word' id='word_1_195' title='bbox 313 3229 472 3294; x_wconf 89' lang='lat' dir='ltr'><strong>comicum</strong></span> <span class='ocrx_word' id='word_1_196' title='bbox 499 3229 549 3293; x_wconf 86' lang='lat' dir='ltr'><strong>bis</strong></span> <span class='ocrx_word' id='word_1_197' title='bbox 577 3228 696 3315; x_wconf 83' lang='lat' dir='ltr'><strong>legitur</strong></span> <span class='ocrx_word' id='word_1_198' title='bbox 718 3229 799 3295; x_wconf 82' lang='lat' dir='ltr'><strong>Aah.</strong></span> <span class='ocrx_word' id='word_1_199' title='bbox 823 3230 895 3296; x_wconf 82' lang='lat'><strong>815.</strong></span> <span class='ocrx_word' id='word_1_200' title='bbox 921 3230 1020 3316; x_wconf 87' lang='lat' dir='ltr'><strong>Vesp.</strong></span> <span class='ocrx_word' id='word_1_201' title='bbox 1044 3228 1123 3311; x_wconf 83' lang='lat'><strong>851,</strong></span> <span class='ocrx_word' id='word_1_202' title='bbox 1156 3247 1331 3315; x_wconf 88' lang='lat' dir='ltr'><strong>quamque,</strong></span> 
     </span>
     <span class='ocr_line' id='line_1_26' title="bbox 204 3344 1331 3436; baseline 0.002 -27"><span class='ocrx_word' id='word_1_203' title='bbox 204 3347 230 3409; x_wconf 94' lang='lat' dir='ltr'><strong>si</strong></span> <span class='ocrx_word' id='word_1_204' title='bbox 253 3344 332 3434; x_wconf 92' lang='lat' dir='ltr'><strong>quid</strong></span> <span class='ocrx_word' id='word_1_205' title='bbox 353 3345 459 3431; x_wconf 87' lang='lat' dir='ltr'><strong>video,</strong></span> <span class='ocrx_word' id='word_1_206' title='bbox 480 3355 568 3412; x_wconf 86' lang='lat' dir='ltr'><strong>recto</strong></span> <span class='ocrx_word' id='word_1_207' title='bbox 591 3348 747 3436; x_wconf 89' lang='lat' dir='ltr'><strong>explicuit</strong></span> <span class='ocrx_word' id='word_1_208' title='bbox 761 3347 933 3420; x_wconf 85' lang='lat' dir='ltr'><strong>Elmsloius</strong></span> <span class='ocrx_word' id='word_1_209' title='bbox 952 3346 994 3412; x_wconf 91' lang='lat' dir='ltr'><strong>ad</strong></span> <span class='ocrx_word' id='word_1_210' title='bbox 1006 3346 1086 3412; x_wconf 88' lang='lat' dir='ltr'><strong>Ach.</strong></span> <span class='ocrx_word' id='word_1_211' title='bbox 1100 3346 1164 3412; x_wconf 84' lang='lat'><strong>815</strong></span> <span class='ocrx_word' id='word_1_212' title='bbox 1186 3346 1236 3412; x_wconf 88' lang='lat' dir='ltr'><strong>his</strong></span> <span class='ocrx_word' id='word_1_213' title='bbox 1258 3367 1331 3411; x_wconf 86' lang='lat' dir='ltr'><strong>ver·</strong></span> 
     </span>
     <span class='ocr_line' id='line_1_27' title="bbox 202 3467 1331 3558; baseline -0.005 -22"><span class='ocrx_word' id='word_1_214' title='bbox 202 3469 253 3536; x_wconf 92' lang='lat' dir='ltr'><strong>bis</strong></span> <span class='ocrx_word' id='word_1_215' title='bbox 276 3467 491 3552; x_wconf 80' lang='lat' dir='ltr'><strong>„subauditur</strong></span> <span class='ocrx_word' id='word_1_216' title='bbox 514 3467 666 3554; x_wconf 77' lang='lat' dir='ltr'><strong>dpotou,“&#39;</strong></span> <span class='ocrx_word' id='word_1_217' title='bbox 681 3491 744 3558; x_wconf 92' lang='lat' dir='ltr'><strong>quo</strong></span> <span class='ocrx_word' id='word_1_218' title='bbox 767 3469 862 3534; x_wconf 92' lang='lat' dir='ltr'><strong>simul</strong></span> <span class='ocrx_word' id='word_1_219' title='bbox 884 3467 1073 3555; x_wconf 86' lang='lat' dir='ltr'><strong>intelligitur</strong></span> <span class='ocrx_word' id='word_1_220' title='bbox 1100 3489 1163 3556; x_wconf 89' lang='lat' dir='ltr'><strong>quo</strong></span> <span class='ocrx_word' id='word_1_221' title='bbox 1186 3489 1290 3555; x_wconf 87' lang='lat' dir='ltr'><strong>usque</strong></span> <span class='ocrx_word' id='word_1_222' title='bbox 1311 3487 1331 3530; x_wconf 91' lang='lat' dir='ltr'><strong>a</strong></span> 
     </span>
     <span class='ocr_line' id='line_1_28' title="bbox 204 3586 1332 3676; baseline -0.006 -21"><span class='ocrx_word' id='word_1_223' title='bbox 204 3612 282 3656; x_wconf 85' lang='lat' dir='ltr'><strong>vero</strong></span> <span class='ocrx_word' id='word_1_224' title='bbox 304 3588 505 3655; x_wconf 88' lang='lat' dir='ltr'><strong>aberraverit</strong></span> <span class='ocrx_word' id='word_1_225' title='bbox 527 3587 716 3674; x_wconf 80' lang='lat' dir='ltr'><strong>Berglerus,</strong></span> <span class='ocrx_word' id='word_1_226' title='bbox 750 3589 805 3676; x_wconf 91' lang='lat' dir='ltr'><strong>qui</strong></span> <span class='ocrx_word' id='word_1_227' title='bbox 827 3586 928 3653; x_wconf 86' lang='lat' dir='ltr'><strong>verba</strong></span> <span class='ocrx_word' id='word_1_228' title='bbox 957 3610 1025 3653; x_wconf 89' lang='lat' dir='ltr'><strong>esse</strong></span> <span class='ocrx_word' id='word_1_229' title='bbox 1048 3587 1193 3652; x_wconf 88' lang='lat' dir='ltr'><strong>mirantis</strong></span> <span class='ocrx_word' id='word_1_230' title='bbox 1222 3592 1332 3651; x_wconf 89' lang='lat' dir='ltr'><strong>censet</strong></span> 
     </span>
     <span class='ocr_line' id='line_1_29' title="bbox 208 3705 1332 3795; baseline -0.004 -23"><span class='ocrx_word' id='word_1_231' title='bbox 208 3710 270 3795; x_wconf 84' lang='lat' dir='ltr'><strong>(ap.</strong></span> <span class='ocrx_word' id='word_1_232' title='bbox 292 3707 364 3772; x_wconf 87' lang='lat' dir='ltr'><strong>Inv.</strong></span> <span class='ocrx_word' id='word_1_233' title='bbox 375 3706 428 3772; x_wconf 88' lang='lat' dir='ltr'><strong>vol</strong></span> <span class='ocrx_word' id='word_1_234' title='bbox 451 3706 526 3771; x_wconf 91' lang='lat' dir='ltr'><strong>Vll.</strong></span> <span class='ocrx_word' id='word_1_235' title='bbox 550 3729 582 3793; x_wconf 86' lang='lat' dir='ltr'><strong>p.</strong></span> <span class='ocrx_word' id='word_1_236' title='bbox 606 3706 695 3791; x_wconf 82' lang='lat'><strong>215).</strong></span> <span class='ocrx_word' id='word_1_237' title='bbox 716 3705 842 3772; x_wconf 85' lang='lat' dir='ltr'><strong>Eodem</strong></span> <span class='ocrx_word' id='word_1_238' title='bbox 866 3728 961 3772; x_wconf 88' lang='lat' dir='ltr'><strong>seusu</strong></span> <span class='ocrx_word' id='word_1_239' title='bbox 983 3707 1133 3793; x_wconf 87' lang='lat' dir='ltr'><strong>usurpari</strong></span> <span class='ocrx_word' id='word_1_240' title='bbox 1146 3705 1248 3768; x_wconf 73' lang='grc' dir='ltr'><strong><em>ταῦτα’</em></strong></span> <span class='ocrx_word' id='word_1_241' title='bbox 1274 3721 1332 3768; x_wconf 80' lang='grc' dir='ltr'><strong>νυν</strong></span> 
     </span>
     <span class='ocr_line' id='line_1_30' title="bbox 207 3824 1332 3912; baseline -0.003 -24"><span class='ocrx_word' id='word_1_242' title='bbox 207 3825 306 3912; x_wconf 89' lang='lat' dir='ltr'><strong>Vesp.</strong></span> <span class='ocrx_word' id='word_1_243' title='bbox 333 3825 415 3892; x_wconf 88' lang='lat'>1008</span> <span class='ocrx_word' id='word_1_244' title='bbox 447 3834 479 3889; x_wconf 92' lang='lat' dir='ltr'><strong>et</strong></span> <span class='ocrx_word' id='word_1_245' title='bbox 507 3825 606 3887; x_wconf 78' lang='grc' dir='ltr'><strong><em>ταῦτα</em></strong></span> <span class='ocrx_word' id='word_1_246' title='bbox 639 3824 726 3889; x_wconf 92' lang='lat' dir='ltr'><strong>nude</strong></span> <span class='ocrx_word' id='word_1_247' title='bbox 755 3827 893 3912; x_wconf 91' lang='lat' dir='ltr'><strong>positum</strong></span> <span class='ocrx_word' id='word_1_248' title='bbox 924 3825 987 3911; x_wconf 85' lang='lat' dir='ltr'><strong>Eq.</strong></span> <span class='ocrx_word' id='word_1_249' title='bbox 1026 3827 1095 3888; x_wconf 91' lang='grc'><strong>111.</strong></span> <span class='ocrx_word' id='word_1_250' title='bbox 1128 3824 1225 3911; x_wconf 89' lang='lat' dir='ltr'><strong>Vesp.</strong></span> <span class='ocrx_word' id='word_1_251' title='bbox 1259 3824 1332 3889; x_wconf 74' lang='lat'><strong>142.</strong></span> 
     </span>
     <span class='ocr_line' id='line_1_31' title="bbox 206 3939 1332 4029; baseline -0.004 -21"><span class='ocrx_word' id='word_1_252' title='bbox 206 3943 283 4008; x_wconf 91' lang='lat' dir='ltr'><strong>Pac.</strong></span> <span class='ocrx_word' id='word_1_253' title='bbox 307 3943 380 4008; x_wconf 80' lang='lat'><strong>275.</strong></span> <span class='ocrx_word' id='word_1_254' title='bbox 403 3942 574 4008; x_wconf 86' lang='lat' dir='ltr'><strong>Elmsleius</strong></span> <span class='ocrx_word' id='word_1_255' title='bbox 597 3942 616 4008; x_wconf 94' lang='lat' dir='ltr'><strong>l.</strong></span> <span class='ocrx_word' id='word_1_256' title='bbox 640 3944 671 4008; x_wconf 96' lang='lat' dir='ltr'><strong>d.</strong></span> <span class='ocrx_word' id='word_1_257' title='bbox 694 3946 827 4009; x_wconf 88' lang='lat' dir='ltr'><strong>notavit.</strong></span> <span class='ocrx_word' id='word_1_258' title='bbox 873 3943 1020 4029; x_wconf 89' lang='lat' dir='ltr'><strong>(Heindf.</strong></span> <span class='ocrx_word' id='word_1_259' title='bbox 1043 3943 1085 4010; x_wconf 89' lang='lat' dir='ltr'><strong>ad</strong></span> <span class='ocrx_word' id='word_1_260' title='bbox 1107 3943 1189 4008; x_wconf 92' lang='lat' dir='ltr'><strong>Plat.</strong></span> <span class='ocrx_word' id='word_1_261' title='bbox 1208 3939 1332 4008; x_wconf 88' lang='lat' dir='ltr'><strong>Phaed.</strong></span> 
     </span>
     <span class='ocr_line' id='line_1_32' title="bbox 210 4061 1333 4152; baseline -0.004 -25"><span class='ocrx_word' id='word_1_262' title='bbox 210 4087 242 4152; x_wconf 92' lang='lat' dir='ltr'><strong>p.</strong></span> <span class='ocrx_word' id='word_1_263' title='bbox 276 4062 317 4127; x_wconf 79' lang='lat'><strong>78</strong></span> <span class='ocrx_word' id='word_1_264' title='bbox 355 4062 393 4127; x_wconf 88' lang='grc' dir='ltr'><strong>Β,</strong></span> <span class='ocrx_word' id='word_1_265' title='bbox 429 4062 516 4129; x_wconf 86' lang='lat' dir='ltr'><strong>John</strong></span> <span class='ocrx_word' id='word_1_266' title='bbox 549 4062 670 4150; x_wconf 88' lang='lat' dir='ltr'><strong>Seager</strong></span> <span class='ocrx_word' id='word_1_267' title='bbox 699 4065 733 4128; x_wconf 89' lang='lat' dir='ltr'><strong>in</strong></span> <span class='ocrx_word' id='word_1_268' title='bbox 763 4062 918 4129; x_wconf 80' lang='lat' dir='ltr'><strong>Classical</strong></span> <span class='ocrx_word' id='word_1_269' title='bbox 950 4062 1086 4129; x_wconf 85' lang='lat' dir='ltr'><strong>Journal</strong></span> <span class='ocrx_word' id='word_1_270' title='bbox 1118 4061 1176 4128; x_wconf 86' lang='lat' dir='ltr'><strong>Nr.</strong></span> <span class='ocrx_word' id='word_1_271' title='bbox 1212 4061 1273 4129; x_wconf 85' lang='lat' dir='ltr'><strong>IV.</strong></span> <span class='ocrx_word' id='word_1_272' title='bbox 1302 4083 1333 4148; x_wconf 89' lang='lat' dir='ltr'><strong>p.</strong></span> 
     </span>
     <span class='ocr_line' id='line_1_33' title="bbox 209 4181 385 4269; baseline -0.028 -21"><span class='ocrx_word' id='word_1_273' title='bbox 209 4182 271 4248; x_wconf 79' lang='lat'><strong>717</strong></span> <span class='ocrx_word' id='word_1_274' title='bbox 295 4181 385 4269; x_wconf 82' lang='lat' dir='ltr'><strong>sqq).</strong></span> 
     </span>
    </p>

    <p class='ocr_par' dir='ltr' id='par_1_7' title="bbox 302 4297 1332 4390">
     <span class='ocr_line' id='line_1_34' title="bbox 302 4297 1332 4390; baseline -0.001 -25"><span class='ocrx_word' id='word_1_275' title='bbox 302 4299 440 4365; x_wconf 87' lang='lat' dir='ltr'><strong>Praeter</strong></span> <span class='ocrx_word' id='word_1_276' title='bbox 461 4297 519 4364; x_wconf 92' lang='lat' dir='ltr'><strong>hos</strong></span> <span class='ocrx_word' id='word_1_277' title='bbox 538 4298 625 4366; x_wconf 89' lang='lat' dir='ltr'><strong>locos</strong></span> <span class='ocrx_word' id='word_1_278' title='bbox 649 4299 799 4367; x_wconf 90' lang='lat' dir='ltr'><strong>notabilis</strong></span> <span class='ocrx_word' id='word_1_279' title='bbox 829 4309 877 4366; x_wconf 86' lang='lat' dir='ltr'><strong>est</strong></span> <span class='ocrx_word' id='word_1_280' title='bbox 898 4301 979 4367; x_wconf 89' lang='lat' dir='ltr'><strong>Ach.</strong></span> <span class='ocrx_word' id='word_1_281' title='bbox 1003 4302 1065 4368; x_wconf 90' lang='grc'><strong>311</strong></span> <span class='ocrx_word' id='word_1_282' title='bbox 1091 4323 1136 4390; x_wconf 91' lang='lat' dir='ltr'><strong>sq.</strong></span> <span class='ocrx_word' id='word_1_283' title='bbox 1170 4300 1244 4388; x_wconf 88' lang='lat' dir='ltr'><strong>quia</strong></span> <span class='ocrx_word' id='word_1_284' title='bbox 1274 4298 1332 4366; x_wconf 90' lang='lat' dir='ltr'><strong>hoc</strong></span> 
     </span>
    </p>
   </div>
   <div class='ocr_carea' id='block_1_5' title="bbox 0 0 1449 4910">
    <p class='ocr_par' dir='ltr' id='par_1_8' title="bbox 0 0 1449 4910">
     <span class='ocr_line' id='line_1_35' title="bbox 0 0 1449 4910; baseline 0 0"><span class='ocrx_word' id='word_1_285' title='bbox 0 0 1449 4910; x_wconf 95' lang='lat' dir='ltr'><strong> </strong></span> 
     </span>
    </p>
   </div>
  </div>
 </body>
</html>
