2874 4910
655 371 698 437 65

90 551 186 619 vide
209 552 303 636 inire,
326 550 415 618 Eccl.
439 554 520 638 858,
549 575 612 641 quo
641 575 706 620 uno
728 553 800 620 loeo
829 554 949 640 legitur·
980 555 1101 622 nudum
1133 559 1161 622 ct
1183 556 1239 642 ‹lp'3

90 695 209 738 sensu
229 672 298 736 iere
321 672 487 737 vernaculi
515 674 596 753 „aaa
627 693 662 739 so
693 673 828 738 deeo?“
856 675 928 735 nori·
944 671 1000 756 δής
1038 675 1137 762 Veop.
1159 675 1240 755 6653

93 792 152 874 τιὴ
179 792 210 852 rt
233 788 274 875 δή
296 790 397 878 Vesp.
412 790 504 857 1155.
526 789 603 856 Pae.
619 791 713 856 1018.
735 789 864 856 Thesm.
887 789 932 856 84
952 792 986 856 in
1008 792 1072 857 line
1093 795 1241 878 trimetri,

95 909 166 974 ubi
190 909 291 973 etiam
312 905 419 974 locum
440 907 539 974 habet
560 905 629 993 ὁτιὴ
651 910 680 971 a
702 906 755 993 δή,
777 907 863 995 quod
879 907 986 996 -quum'
1007 909 1135 997 legatur
1154 912 1240 980 Nub.

96 1026 175 1092 755
199 1025 278 1113 (ubi
293 1026 335 1090 cf.
361 1025 486 1105 Herm.)
509 1028 626 1092 mirum
647 1037 802 1113 quantum
836 1028 969 1092 vexavit
988 1027 1133 1095 homines
1154 1032 1240 1095 criti-

95 1167 164 1210 cos
186 1145 273 1210 Plut
294 1167 325 1209 v.
352 1145 413 1210 136
432 1145 491 1230 (cf.
513 1143 582 1210 Inv.
605 1145 700 1211 Tum.
724 1145 791 1209 ΙΙΙ.
811 1167 842 1231 p.
865 1145 934 1227 76).
977 1147 1106 1214 Deinde
1127 1147 1241 1214 addita

95 1261 335 1330 coniunctione
355 1262 474 1350 legitur
493 1269 550 1326 tva
572 1261 614 1348 dri
638 1261 766 1329 rtNub.
783 1264 875 1328 1191.
898 1264 1084 1348 notitam
1107 1287 1240 1355 praepo·

101 1382 231 1448 sitione
252 1381 397 1466 reseret
418 1385 446 1445 rt
467 1381 557 1447 Eccl.
578 1383 651 1465 604,
675 1383 791 1469 quibus
811 1383 892 1450 locis
909 1383 1007 1450 velim
1029 1385 1177 1452 attendas
1198 1387 1241 1472 dri

103 1497 308 1584 particulam
327 1499 467 1565 mediam
495 1500 698 1566 intercedere
728 1501 813 1565 inter
840 1503 1112 1589 praepositionem
1135 1513 1168 1570 ct
1189 1526 1241 1572 ca·

104 1637 199 1699 snm,
224 1637 306 1703 quae
328 1639 380 1683 res
402 1627 629 1701 memoraret,
651 1627 687 1683 ut
707 1619 791 1685 Plut.
815 1622 917 1697 llil,
938 1620 995 1686 ubi
1014 1621 1137 1708 iegitur
1158 1621 1241 1707 α’-τὰρ
1344 1653 1346 1658 ·

106 1731 170 1797 drot
193 1737 224 1796 rt
245 1733 285 1820 dr>
307 1737 392 1799 ταῦτ’
415 1734 475 1800 art.
495 1735 665 1822 legendum
697 1731 766 1802 esse
789 1757 952 1804 censerem
983 1737 1038 1802 διὰ
1069 1740 1109 1826 δὴ
1131 1743 1159 1805 ct
1180 1745 1242 1810 nisi

106 1873 165 1916 me
196 1852 382 1938 prohiberet
404 1853 573 1942 Sophoclis
601 1853 718 1921 Trach.
740 1855 815 1920 402.
858 1851 981 1922 limant
1008 1858 1093 1924 enim
1130 1862 1243 1949 script·

109 1992 189 2035 ores
223 1971 351 2056 Graeci,
373 1974 401 2036 si
423 1972 552 2060 quando
576 1970 617 2056 δή
637 1971 796 2059 particula
817 1974 891 2038 voci
912 1993 987 2038 cunr
1005 1979 1242 2064 praepositione

110 2088 255 2172 additur,
278 2089 377 2157 ueluti
399 2093 432 2155 in
454 2089 490 2152 du
514 2089 552 2174 eq·
575 2091 695 2153 werne
715 2089 798 2154 Plat.
819 2089 945 2156 Phileb.
978 2115 1011 2180 p.
1038 2093 1083 2160 48
1104 2095 1157 2182 D3
1175 2093 1241 2162 <tre

111 2206 150 2287 dr}-
173 2208 267 2274 etilo.
292 2229 323 2294 p.
347 2210 390 2276 50
411 2209 459 2289 E3
482 2206 546 2272 tre
570 2207 704 2292 deicerer
726 2207 770 2274 ila
791 2231 823 2295 p.
845 2208 889 2273 50
918 2209 964 2288 E;
992 2219 1027 2276 et
1054 2233 1137 2298 quae
1158 2225 1244 2280 -runt

110 2323 232 2395 similia
254 2327 305 2409 ici.
327 2325 397 2394 Ast.
420 2327 502 2392 Lex.
525 2327 607 2392 Plat
628 2326 654 2390 Ι.
675 2327 775 2412 446),
809 2327 1000 2413 particulam
1027 2330 1168 2400 mediam
1197 2335 1243 2399 in-

114 2455 295 2532 terponere,
318 2445 405 2532 quod
427 2443 574 2510 Klotzius
604 2444 662 2530 (ad
685 2445 808 2510 Devar.
830 2444 871 2508 ΙΙ.
901 2445 982 2526 432)
1014 2447 1061 2512 ita
1090 2449 1241 2538 explicat,

116 2570 154 2629 ut
173 2565 208 2628 in
228 2563 346 2640 talibus
367 2563 505 2650 perinde
526 2585 596 2628 esse
619 2561 815 2650 dicatqnam
838 2563 880 2627 ad
903 2584 1013 2628 vocem
1029 2567 1169 2652 ponatur
1190 2569 1242 2656 δή,

117 2679 193 2770 qtria
226 2682 423 2769 praepositio
453 2683 588 2769 ejusque
625 2701 720 2746 casua
754 2691 821 2746 tam
854 2689 941 2748 arcte
965 2681 1176 2770 cohaereant,
1207 2697 1244 2754 ut

118 2801 184 2865 iere
205 2822 303 2868 unam
317 2799 468 2872 ‚efficiant
489 2819 611 2865 vocem.
657 2797 755 2864 Adde
778 2798 864 2886 quod
886 2797 1057 2886 dedat-dri
1081 2803 1178 2868 etiam
1199 2801 1242 2868 le

118 2918 253 3006 gebatur
275 2916 359 2982 Nub.
383 2917 435 2999 59,
458 2917 514 2984 ubi
540 2916 626 3004 quod
649 2917 818 2982 Dawesius
839 2917 988 3002 (Miscell.
1021 2920 1091 2985 crit.
1115 2921 1171 3007 93)
1193 2944 1243 2988 re·

112 3037 226 3102 edant
241 3034 322 3120 dim
344 3045 458 3123 postea
476 3057 497 3100 a
517 3037 597 3101 Rev.
619 3035 860 3102 firmatumost.
906 3037 961 3102 De
980 3039 1107 3106 ratione
1129 3041 1242 3107 critica

113 3155 196 3220 Rau.
220 3154 304 3218 1162
320 3153 369 3248 cf,
393 3153 492 3218 velim
515 3153 675 3218 Meinelrii
697 3150 794 3219 vind.
817 3152 874 3218 Ar.
896 3177 927 3242 p.
955 3157 1023 3220 176.
1058 3157 1156 3226 Suam
1187 3181 1243 3248 po-

108 3273 222 3340 stulet
234 3271 483 3360 explicationem
505 3272 567 3336 Av.
591 3295 622 3336 v.
643 3271 722 3338 4162

374 3388 502 3476 τίφῂςς
525 3387 650 3467 λέγουσι
672 3388 711 3475 δὴ
731 3391 823 3464 τίνας
843 3390 975 3472 λόγουςς
1060 3443 1065 3448 .
1188 3443 1190 3446 .

123 3509 175 3580 ubi
193 3509 235 3596 dri
256 3512 290 3575 in
312 3509 565 3593 interrogatione
596 3509 764 3595 praeeedit
797 3508 933 3575 verbum
965 3513 1240 3599 interrogativum,

124 3630 155 3695 id
175 3628 270 3716 quod,
291 3627 427 3694 testibus
455 3627 674 3714 grammaticis
707 3627 856 3713 [Krttger.
878 3627 932 3696 69.
958 3630 1071 3715 leet
1094 3630 1165 3696 fieri
1186 3651 1242 3698 ne·

125 3750 187 3835 quit
206 3749 268 3818 nisi
287 3747 498 3834 antecedente
525 3741 780 3834 praepositione,
803 3743 956 3834 articulo,¹
987 3747 1058 3814 aliis
1073 3749 1241 3836 particulis

125 3867 216 3934 veluti
235 3865 275 3929 δέ
296 3865 455 3950 (lloogev.
481 3863 557 3948 148)
579 3861 664 3926 erte
688 3864 779 3947 (Plat
802 3863 981 3952 Euthyphr.
1003 3883 1036 3952 p.
1058 3865 1080 3929 2
1101 3864 1165 3952 Dl,
1185 3876 1241 3933 aut

125 3982 527 4073 riquanteimperadvus
549 3978 725 4070 praecedit,
747 4003 885 4068 quocum
897 3982 1056 4071 particule
1068 3993 1135 4050 tarn
1152 3995 1241 4052 arcte

127 4103 336 4190 conjungitur,
358 4113 394 4167 ut
414 4101 458 4167 ad
481 4103 764 4185 interrogationem
786 4123 850 4168 non
873 4103 1048 4190 pertineat,
1071 4102 1184 4170 'veluti
1206 4105 1240 4169 in

128 4221 198 4287 Oed.
221 4221 311 4306 Rege
324 4221 398 4286 654.
420 4218 512 4286 Haec
542 4221 649 4287 omnia
672 4240 770 4308 quum
792 4223 827 4293 in
849 4219 935 4288 hunc
954 4219 1061 4288 iocum
1081 4242 1146 4286 non
1165 4241 1240 4308 qua·

127 4339 245 4405 drarent
278 4339 427 4427 equidem
461 4342 574 4426 putavi
609 4337 769 4405 insolitam
804 4339 979 4405 dictionem
1012 4337 1239 4427 explicandam

987 4456 1008 4519 5
