2874 4910
668 336 714 415 lo

130 530 261 616 addere,
283 529 530 620 Aristophanem
554 529 617 596 Ar.
639 553 671 597 v.
694 531 778 598 1668
802 532 859 599 ubi
881 529 926 596 orl
941 535 1050 614 μέντοι
1083 532 1205 618 legitur
1225 534 1262 599 in

130 651 338 740 responsione
361 649 443 718 haec
466 649 567 716 verba
596 651 630 716 in
653 650 870 738 responsionis
898 651 992 717 initio
1022 651 1176 739 posuisse
1200 651 1263 718 Oe-

130 779 236 840 terum
258 768 298 836 od
320 772 429 853 piscor
452 778 581 856 praeter
602 769 688 836 hunc
711 768 817 835 locum
839 761 959 856 legitur
979 769 1077 858 Vesp
1100 771 1174 836 664.
1196 771 1258 840 Ar.

132 889 232 974 1668,
263 888 379 978 quibus
408 889 556 955 omnibus
588 890 696 970 pluam
726 890 931 975 negationem
954 888 1063 972 effert,
1093 911 1194 977 quum
1218 890 1262 955 ad

131 1005 329 1075 efferendum
352 1008 552 1074 enuntiatum
574 1006 694 1094 ubique
721 1006 884 1074 addantur
904 1006 1008 1074 verba
1028 1006 1075 1092 μὰ
1100 1010 1160 1072 τόν
1182 1011 1262 1074 Δία.

218 1126 343 1216 Agmen
366 1124 517 1194 claudant
538 1126 613 1210 loci,
637 1125 694 1193 nbi
714 1148 788 1192 oum
801 1125 961 1214 particula
984 1149 1066 1215 quae
1090 1137 1137 1194 est
1150 1128 1263 1209 μέντοι

133 1244 302 1334 conjuncta
324 1243 443 1331 legitur
464 1244 623 1332 particula
644 1245 696 1328 γέ,
720 1243 760 1310 de
783 1267 847 1334 qua
868 1244 1100 1334 particularum
1128 1248 1263 1334 conjun-

132 1364 237 1432 ctione
261 1372 391 1431 auctore
413 1363 557 1430 Porsono
583 1341 910 1429 dedecorauere
933 1371 1048 1430 exorta
1071 1373 1127 1430 est
1150 1365 1262 1454 Atque

133 1483 174 1552 de
196 1483 246 1550 his
275 1483 440 1573 particulis
473 1485 595 1572 primus
617 1483 778 1550 Personas
811 1482 865 1548 ille
899 1483 1084 1550 existimare
1116 1508 1151 1551 se
1181 1486 1272 1554 dicit·

132 1599 249 1670 Atticis
271 1625 336 1670 non
358 1602 487 1669 licuisse
508 1603 545 1681 γέ
566 1611 639 1691 post
660 1604 707 1666 sol
728 1604 850 1691 (itaque
877 1604 974 1669 etiem
996 1613 1069 1692 post
1088 1606 1198 1687 μέντοι
1229 1595 1264 1672 et

132 1722 234 1785 aalma
256 1719 295 1787 ef.
313 1722 404 1789 Pers.
435 1717 478 1788 ad
507 1721 587 1790 Hec.
612 1722 677 1789 403
707 1721 749 1788 ad
768 1721 872 1789 Phon.
897 1722 992 1806 1638)
1028 1745 1168 1812 ponere,
1198 1725 1263 1790 nisi

132 1839 291 1908 vocabulo
313 1839 376 1908 alio
398 1841 584 1930 interjecto,
612 1841 701 1908 idem
722 1850 830 1907 tamen
860 1863 1039 1930 perpaucas
1054 1842 1263 1932 exceptiones

133 1958 272 2025 inveniri
296 1959 476 2028 concedens
498 1959 600 2026 veluti
622 1959 754 2026 Thesm.
777 1960 842 2027 ⁷16
870 1954 949 2048 (709
973 1957 1024 2025 e'd.
1046 1955 1157 2052 Mein.)
1180 1953 1260 2036 Eur.

132 2077 209 2167 Jph.
233 2078 332 2144 Taur.
354 2065 446 2147 726(
471 2078 589 2146 Postea
612 2100 690 2144 vero
721 2079 904 2145 accuratior
936 2079 1082 2166 quaestio
1112 2070 1178 2146 nos
1205 2051 1273 2146 do?

133 2197 200 2264 cuit
220 2197 481 2284 unumquemque
503 2183 570 2262 fere
593 2198 784 2284 scriptorem
799 2171 896 2261 ‘suam
921 2197 956 2261 in
978 2195 1028 2262 his
1050 2198 1142 2285 sequi
1164 2199 1260 2264 ratio·
1285 2241 1292 2253 ·

132 2337 215 2384 nem
259 2313 476 2414 Thucydides
492 2301 699 2403 euinquum
721 2301 779 2380 lras
802 2313 979 2402 particulas
1001 2337 1066 2381 non
1089 2317 1260 2403 conjungat

133 2436 196 2502 nisi
217 2435 409 2523 interposita
430 2428 539 2521 aliqua
562 2417 655 2499 ⁸voce
682 2427 739 2519 (cf.
759 2431 893 2520 Kriiger
922 2433 965 2499 ad
988 2411 1092 2501 Tlruc.
1122 2433 1149 2500 Ι.
1171 2435 1202 2501 3.
1225 2435 1258 2516 2)

134 2552 323 2621 Aristoteles
346 2569 423 2622 vero
454 2569 496 2618 ex
518 2547 656 2619 adverso
686 2572 750 2618 non
772 2551 875 2618 solum
896 2553 1004 2636 μέντοι
1025 2575 1061 2632 γε
1081 2552 1140 2620 sed
1164 2553 1261 2620 etiam

132 2677 240 2758 ptume
253 2704 295 2723 --
308 2696 361 2758 γε,
369 2673 570 2762 interpositis
579 2671 637 2738 'vel
649 2661 778 2738 duobus
787 2669 895 2738 verbis
908 2679 1044 2761 usurpat
1057 2672 1106 2758 (of.
1123 2671 1262 2740 dincken

135 2792 176 2860 de
199 2793 329 2860 Aristot
352 2790 416 2858 dic.
432 2792 557 2860 ratione
578 2811 610 2880 p.
637 2791 703 2878 35),
727 2787 960 2879 Aristophanes
978 2791 1088 2872 μέντοι
1115 2800 1206 2869 νεα
1226 2793 1288 2872 γὲ»

133 2915 241 2997 μέντοι
262 2913 378 3002 posuit,
399 2913 508 2995 μέντοι
532 2905 571 2959 -'
592 2930 628 2989 ys
649 2908 882 2998 pianevitavit,
905 2929 1099 2997 quamquam
1121 2909 1261 2998 primam

134 3029 215 3099 illud
237 3033 411 3114 μέντοιγε,
433 3029 475 3094 de
500 3045 563 3116 quo
586 3026 682 3092 velim
703 3025 1020 3112 conferas-Kriiger.¹
1040 3026 1087 3094 od
1105 3027 1212 3096 Anab.
1235 3030 1261 3095 Ι.

136 3151 167 3218 9.
194 3149 243 3215 14.
264 3146 409 3216 Lobeclr.
438 3146 481 3214 ad
510 3146 632 3234 Phryn.
659 3167 692 3232 p.
718 3144 793 3211 342.
825 3143 913 3211 R'eis.
936 3145 1030 3235 Conj.
1053 3148 1079 3212 I.
1103 3147 1174 3214 235Ὶ
1201 3149 1264 3214 nisi

138 3268 271 3337 Thesm.
294 3289 326 3334 v.
349 3265 412 3336 709
435 3287 501 3332 non
523 3264 652 3352 legitur,
673 3285 738 3352 quo
759 3263 830 3330 loco
852 3262 887 3329 id
897 3263 1033 3350 accedit,
1056 3263 1143 3353 quod
1156 3267 1267 3354 praeit

1 3455 2 3460 ,
135 3386 294 3480 particula
323 3385 387 3454 nat.
436 3375 624 3454 Particulae'
645 3386 682 3465 γὲ
716 3385 825 3467 alveos
856 3385 1026 3473 quinquies
1048 3383 1199 3472 leguntur
1229 3387 1264 3452 iu·

1 3505 2 3522 ¹
137 3504 320 3594 comoediis,
343 3505 528 3596 etquidem
560 3517 645 3593 pone
671 3505 898 3593 imperativum
912 3501 1017 3593 ‘Vesp
1050 3505 1265 3573 mutinae

1 3599 3 3611 .
135 3631 260 3722 positae
280 3629 364 3695 inter
385 3624 577 3694 adverbium
601 3632 633 3690 et
654 3623 792 3690 verbum
815 3624 874 3689 Av.
899 3623 984 3689 1692
990 3667 1007 3708 ,ι
1023 3625 1107 3691 inter
1128 3647 1274 3715 praepo.

3 3729 5 3814 ἶ
135 3749 284 3816 sitionem
305 3755 339 3812 et
362 3763 472 3810 casum
495 3740 570 3827 Lys
602 3742 705 3825 1218,
736 3743 823 3808 inter
859 3742 995 3808 verbum
1027 3752 1061 3809 et
1093 3767 1263 3832 personam

135 3864 226 3933 Ecol.
248 3885 278 3930 v.
302 3863 385 3930 1008
407 3871 480 3952 post
501 3859 692 3951 particulam
716 3861 964 3929 conditionalem
985 3861 1156 3929 arluco.
1173 3865 1263 3933 1202.

136 3981 300 4052 Particula
321 3983 358 4062 rt
379 3983 413 4048 in
442 3981 560 4050 talibus
586 3979 769 4070 suppletiva
801 3988 907 4069 potest
935 3984 1132 4066 nuncupari,
1166 4003 1264 4072 quum

137 4105 245 4187 percos
269 4122 329 4191 pro
351 4107 468 4168 nature
489 4123 547 4170 sua
570 4103 770 4168 enuntiatum
800 4098 944 4166 extollat
989 4099 1127 4167 Prorsus
1149 4101 1264 4167 eodem

137 4221 234 4287 modo
266 4241 318 4288 res
341 4241 374 4287 se
406 4217 504 4286 habet
524 4219 558 4285 in
589 4218 821 4308 particularum
858 4220 1082 4305 conjunctione
1113 4219 1202 4302 ὅμως
1228 4241 1265 4299 γε

135 4339 252 4424 μέντοι,
286 4359 381 4428 quam
405 4337 488 4405 infra
511 4339 692 4406 accuratius
714 4338 936 4424 necabimus,
968 4350 1114 4426 quaeque
1146 4337 1265 4426 legitur
1349 4375 1352 4380 ·
