2874 4910
169 505 349 594 stephanis,
383 504 441 571 sed
462 501 643 592 Euripidis,
666 524 761 589 quem
782 499 825 565 ad
848 499 984 566 verbum
1006 499 1236 586 transscripsit
1264 519 1322 563 co·

168 626 270 692 micus
292 647 334 692 ex
356 623 482 690 Helena
504 623 547 707 (v.
570 622 658 706 563).
702 621 842 686 Inseruit
873 619 927 685 illo
950 618 1037 703 loco,
1071 627 1107 683 ut
1129 619 1177 682 rei
1201 639 1322 683 causa

166 745 227 814 hoc
250 743 378 826 addam,
398 741 559 830 particula
581 739 622 826 δι)
633 738 801 826 augendae
823 741 858 804 vi
881 737 1044 826 adjectivi,
1066 736 1101 804 id
1123 738 1214 825 quod
1233 760 1321 804 nos·

167 872 266 930 trates
288 863 415 928 efficere
438 860 541 928 solent
562 882 642 926 voce
664 863 772 945 „9ar“,
795 881 891 947 quam
915 859 1095 924 versionem
1118 855 1321 945 particulae

166 983 208 1069 δή
230 984 358 1051 omnino
380 983 529 1069 accipere
551 1002 720 1069 possumus
742 981 788 1044 eis
811 979 900 1063 locis,
924 977 1041 1076 quibus
1071 977 1255 1064 adjectivis
1285 987 1322 1044 et

168 1103 332 1171 adverbiis
354 1099 495 1167 additur.

254 1220 359 1288 Certis
381 1221 532 1303 numeris,
553 1227 589 1285 ut
610 1218 647 1283 fit
668 1217 755 1306 apud
767 1216 847 1283 alios
858 1218 1032 1303 scriptores
1055 1215 1104 1301 (ol.
1126 1214 1239 1280 Klotz.
1269 1215 1319 1280 ad

167 1341 290 1406 Devar.
317 1338 361 1404 Π.
389 1337 463 1423 398)
493 1339 527 1403 in
549 1335 774 1425 Aristophanis
812 1333 986 1401 comoediis
1018 1331 1060 1418 δή
1087 1355 1152 1399 non
1184 1333 1319 1400 addita

166 1461 286 1546 legitur
307 1455 482 1546 particula,
524 1463 636 1521 contra
669 1454 817 1544 pluribus
838 1453 918 1521 locis
948 1452 1150 1518 indefinitam
1182 1475 1315 1520 vocem
1385 1541 1387 1546 Ι

167 1576 269 1651 πολύς
291 1577 392 1660 effert,
414 1583 451 1642 ut
472 1573 557 1640 Ach.
579 1573 652 1640 695.
683 1575 747 1661 Eq.
770 1575 853 1659 411,
889 1573 988 1662 Vesp.
1010 1572 1084 1638 980.
1111 1570 1205 1638 1284.
1235 1572 1313 1637 Av.

168 1697 241 1762 860.
285 1696 369 1762 Plut.
393 1695 457 1762 253
492 1696 625 1782 ejusque
654 1695 743 1764 voois
771 1693 1002 1782 superlativum
1026 1692 1108 1758 Ran.
1139 1714 1168 1757 v.
1200 1692 1310 1759 1254.

166 1816 222 1906 (of.
246 1815 358 1882 Stallb.
380 1814 424 1880 ad
445 1814 494 1880 Pl.
518 1812 643 1879 Phaed.
664 1836 697 1901 p.
722 1813 784 1878 108
798 1813 842 1878 D.
865 1811 997 1878 Heindf.
1020 1810 1063 1878 ad
1074 1811 1158 1877 Xen.
1173 1809 1308 1878 Oecon.

166 1934 198 1999 Ι..
217 1935 268 2018 23,
290 1941 322 1998 et
344 1933 458 2000 eodem
481 1932 578 1999 modo
601 1930 703 2006 πολὺς
724 1931 785 2017 ἤδη
808 1930 942 1998 Heindf.
966 1930 1154 1997 adTheaot.
1180 1954 1211 2019 p.
1237 1930 1305 1996 151

167 2050 227 2137 0.).
270 2050 448 2118 Adverbiis
471 2053 657 2140 saepissime
679 2051 840 2140 particula
863 2049 904 2136 δή
922 2049 1054 2116 additur
1079 2058 1111 2117 et
1132 2049 1304 2138 pronomi-

165 2171 269 2255 nibus,
292 2179 388 2260 atque
411 2172 559 2259 primum,
581 2179 617 2236 ut
638 2169 729 2235 adid
752 2179 922 2254 transeam,
942 2172 1071 2257 saepius
1093 2169 1212 2255 legitur
1223 2178 1306 2258 post

165 2289 302 2356 relativa
323 2298 356 2357 et
378 2289 629 2356 demonstrativa
652 2288 708 2369 (cf.
730 2289 873 2374 Kritgeri
896 2287 1110 2377 Spraohlehre
1131 2289 1158 2355 Ι.
1187 2289 1241 2356 25.
1268 2291 1300 2357 9.

168 2409 220 2494 2.).
265 2409 350 2478 Cum
371 2410 561 2497 pronomine
583 2407 719 2474 relativo
754 2407 877 2496 duplici
902 2407 1000 2474 modo
1030 2406 1223 2496 particulam
1255 2404 1304 2492 δή

170 2529 337 2617 conjungit
357 2525 606 2616 Aristophanes,
633 2536 730 2615 atquo
751 2530 892 2615 primum
915 2527 1046 2615 quidem
1067 2528 1126 2608 ita,
1157 2535 1194 2593 ut
1215 2526 1302 2592 rela-

164 2648 224 2712 tivi
245 2649 295 2714 vis
317 2649 351 2713 in
372 2667 482 2714 omnes
504 2655 612 2735 partes
636 2646 847 2729 extendatur,
870 2647 962 2733 eujus
984 2669 1061 2713 usus
1082 2646 1215 2712 unicum
1247 2654 1301 2712 est

166 2769 350 2858 exemplum
373 2767 471 2855 Vesp.
496 2768 570 2834 235.

382 2885 524 2972 πάρεσθ’
548 2884 567 2948 ὅ
589 2883 628 2971 δὴ
652 2884 771 2951 λοιπόν
791 2886 820 2964 7³
842 2885 883 2951 ἔτ’
906 2887 989 2950 ἐστιν
1018 2885 1077 2951 κτὲ.

165 3004 196 3071 h.
221 3028 247 3071 e.
272 3006 420 3072 advertito
444 3005 662 3088 quodcumque
697 3012 858 3088 superest,
889 3008 935 3071 ita
962 3007 1047 3070 enim
1078 3029 1191 3072 versus
1221 3029 1298 3073 oum

167 3127 248 3191 Rev.
273 3133 306 3190 et
326 3125 364 3190 B.
378 3123 472 3190 codd.
497 3125 674 3190 rectissime
688 3125 821 3211 legitur,
845 3125 900 3212 (cf.
923 3126 1010 3192 Reis.
1029 3125 1188 3214 Oonjectt.
1211 3127 1238 3192 I.
1261 3151 1296 3217 p.

166 3243 253 3323 231).
297 3241 428 3308 Deinde
451 3241 515 3308 alia
537 3251 585 3308 est
605 3244 688 3310 ratio
710 3242 856 3310 locorum
885 3244 963 3309 Pac.
987 3243 1061 3310 802.
1095 3244 1172 3332 Lyn.
1201 3246 1295 3312 1301.

168 3359 294 3426 Thesm.
326 3361 422 3426 1150.
454 3362 536 3428 Ran.
567 3363 640 3428 679.
685 3363 746 3429 His
775 3365 860 3430 enim
888 3363 968 3429 locis
990 3361 1033 3449 δή
1063 3363 1096 3429 in
1130 3365 1296 3430 enuntiato

165 3479 301 3547 relativo
323 3483 369 3548 ita
390 3483 529 3569 positum
551 3492 609 3558 est,
631 3492 668 3549 ut
689 3484 847 3570 significet
868 3483 989 3548 nemini
1011 3505 1075 3548 non
1091 3491 1201 3550 notum
1225 3507 1295 3550 esse

169 3600 255 3688 quod
279 3601 399 3668 dieitur
420 3602 470 3686 (cf.
501 3602 661 3688 Hartung.
695 3602 715 3666 l.
740 3623 767 3667 c.
796 3603 822 3668 Ι.
848 3602 922 3667 274.
944 3602 1125 3668 Bttumlein.
1148 3603 1236 3669 Part.
1260 3629 1292 3693 p.

168 3721 240 3787 106.
286 3722 379 3786 Rost:
402 3719 443 3786 de
465 3729 548 3808 part.
571 3717 630 3784 oria
650 3721 715 3808 pn
737 3743 768 3785 n.
786 3721 817 3785 2.
841 3721 934 3787 Goth.
957 3721 1051 3806 Prgr.
1067 3723 1175 3806 1859),
1196 3732 1294 3810 atque

168 3840 263 3905 etiam
286 3839 344 3905 hos
365 3841 400 3904 in
421 3839 509 3906 locos
531 3838 691 3928 quadrare
715 3862 785 3905 eam
809 3863 906 3929 quam
921 3841 1088 3906 statuimus
1115 3841 1293 3929 particulae

167 3958 449 4046 significationem,
479 3969 515 4026 ut
546 3960 764 4027 manisfestum
787 3959 909 4050 aliquid
932 3981 1001 4026 esse
1024 3960 1150 4047 edicat,
1184 3961 1294 4029 docuit

166 4079 316 4147 Hellerus
337 4079 453 4146 Philol.
477 4081 567 4147 VIII.
591 4081 665 4148 305.
686 4083 782 4148 Pacis
805 4084 891 4148 enim
901 4105 997 4149 versu
1019 4082 1084 4149 802
1107 4084 1134 4148 si
1156 4083 1292 4169 legimus

674 4195 713 4264 od
735 4199 774 4286 δὴ

382 4317 573 4406 πικροτάτην
594 4319 661 4386 ὄπα
682 4321 878 4406 γηρύσαντος
900 4318 1007 4404 ἤκουο*
1030 4323 1091 4384 avt.
