2874 4910
757 375 799 444 18

205 564 316 630 dicere
336 571 464 630 recusat
485 559 646 650 quomodo
666 562 737 628 seni
760 563 802 628 sit
823 560 1059 647 acerbandum,
1079 562 1257 629 exclamat
1278 565 1343 637 πῶς

205 683 278 764 δαίς
300 701 383 770 quae
403 679 514 760 verba,
537 701 602 767 qua
614 701 696 745 vooe
709 679 943 746 exclamaverit
956 689 989 746 et
1001 703 1097 769 quem
1115 681 1346 748 demonstrent

205 802 306 868 animi
327 799 476 865 allectum
505 819 549 862 ex
573 797 684 863 verbis
717 797 933 864 Philocleonis
963 798 1063 884 φράξ
1092 795 1230 874 α’νῦσας
1262 807 1346 887 patet

206 941 291 1006 quae
314 915 422 1006 paullo
442 939 542 1004 supra
564 915 723 1002 leguntur.

293 1037 427 1102 Restant
448 1033 510 1100 loei
531 1035 628 1121 pauci
650 1057 795 1118 nurnero,
817 1036 850 1100 in
874 1035 992 1123 quibus
1013 1034 1071 1101 dut
1085 1037 1260 1126 particula
1284 1056 1346 1101 mu·

206 1177 284 1222 nere
306 1155 349 1240 δή
362 1152 496 1221 voculae
518 1151 663 1238 iungitur
684 1159 757 1240 post
768 1175 881 1219 vocem
903 1155 1171 1240 interrogativam
1198 1157 1260 1236 τίς,
1285 1172 1344 1241 quo

209 1275 251 1340 de
273 1271 404 1340 dicendi
426 1263 596 1337 inurente
618 1269 756 1336 Teuffel.
778 1269 822 1336 ad
843 1269 931 1336 Nub.
955 1271 1085 1338 v.1266
1106 1271 1278 1338 lectorem
1299 1293 1345 1336 re·

207 1396 331 1482 legasse
353 1391 482 1457 videtur
493 1388 536 1454 ad
557 1411 596 1456 ea
617 1411 700 1476 quae
712 1388 976 1456 dioitStallbaum
998 1389 1042 1456 ad
1057 1389 1139 1456 Plat
1150 1390 1343 1479 Euthyphr.

207 1537 240 1602 p.
262 1513 301 1578 21
327 1531 374 1600 sq.
409 1509 530 1586 atticos,
554 1507 683 1594 quando
705 1521 778 1573 euin
801 1507 918 1574 aflectu
940 1507 1081 1595 quodam
1110 1510 1217 1575 animi
1249 1511 1344 1575 inter

208 1636 370 1716 rogarent,
393 1623 543 1692 vocabuli
565 1625 709 1713 pleniore
731 1625 835 1691 forma
856 1648 935 1720 usos
960 1648 1038 1692 esse.
1080 1627 1120 1693 ln
1149 1626 1237 1694 lonis
1267 1649 1341 1694 vero

207 1750 286 1842 ipsis
309 1767 407 1834 quum
428 1743 509 1810 nihil
530 1743 606 1809 insit
628 1744 715 1830 quod
740 1742 956 1830 explicatione
978 1752 1088 1830 egeat,
1114 1745 1179 1832 ipsi
1211 1766 1344 1812 enume-

207 1876 340 1960 rentur.¹
374 1863 455 1930 Sunt
482 1861 560 1926 Aah.
585 1861 659 1944 105,
681 1861 738 1926 ubi
768 1870 877 1927 tamen
906 1865 1016 1960 nescio
1045 1884 1122 1932 num
1152 1860 1237 1928 δἀὕ
1268 1883 1339 1928 cum

207 1989 287 2054 Rav.
309 1980 483 2069 legendum
505 1982 562 2063 sit,
593 2001 691 2066 quum
713 2002 778 2045 non
797 2001 1037 2068 supervacanea
1065 1981 1107 2045 sit
1135 1976 1182 2044 αὖ
1212 1979 1337 2060 vocula,

206 2105 266 2172 sed
287 2124 408 2169 novum
419 2096 579 2187 quendam
603 2096 805 2186 eundemque
819 2098 1011 2163 viridiorem
1031 2098 1173 2165 colorem
1195 2098 1337 2166 orationi

207 2223 316 2304 addat,
337 2221 400 2307 Eq.
423 2239 453 2283 v.
477 2217 551 2282 351.
574 2213 660 2280 Nub.
686 2214 780 2280 1266.
802 2212 963 2281 Pacate.
985 2218 1029 2302 τῷ
1052 2207 1124 2299 δαίς
1147 2218 1229 2283 Pae.
1246 2215 1335 2282 1221

207 2341 337 2406 Thesm.
370 2333 442 2400 140.
471 2329 613 2411 61ςδα1ς
643 2331 733 2397 Ecol.
764 2331 1004 2416 91816116αὴ
1034 2334 1181 2420 (Thesm.
1209 2359 1248 2402 v.
1276 2334 1337 2400 632

206 2459 288 2526 suu
308 2452 404 2518 usu
424 2453 527 2533 urm
549 2449 590 2514 ef.
612 2450 770 2515 risaei.
795 2473 824 2516 a.
839 2429 1088 2517 uiuimuuu
1104 2451 1183 2517 Aah.
1200 2477 1234 2520 v.
1251 2451 1336 2536 105).

206 2577 338 2643 Thesm.
362 2571 426 2638 889
448 2577 536 2635 recte
558 2567 637 2632 mihi
667 2568 798 2655 quidem
820 2568 1019 2634 Fritnsuhius
1049 2569 1176 2636 dedisse
1204 2571 1335 2638 videtur

206 2665 342 2779 11δῆσῦ
365 2687 424 2754 ard.
445 2687 504 2754 sed
526 2689 630 2754 fateor
652 2685 692 2753 de
714 2687 783 2753 hac.
798 2709 834 2752 re
857 2675 985 2753 diversa
1006 2709 1100 2776 posse
1122 2692 1231 2756 statui.
1255 2689 1333 2756 Ver·

206 2837 262 2882 sus
285 2813 354 2878 sine
378 2808 478 2874 dubio
499 2809 645 2871 trimeter
672 2815 721 2870 est
747 2806 891 2892 tragicus
921 2805 979 2870 sed
1009 2806 1051 2875 ob
1085 2805 1121 2871 id
1148 2808 1212 2873 nisi
1242 2806 1332 2874 fallor

206 2953 321 2998 vocem
343 2927 400 2991 dul
429 2945 581 3013 spernere
612 2946 677 2989 non
706 2924 848 2991 debebat
872 2923 938 2989 ille.
981 2925 1012 2989 Ε
1034 2926 1166 3010 tragicis
1201 2925 1333 3013 quidem

206 3048 336 3114 ommno
357 3042 565 3108 eximendam
587 3063 656 3107 esse
684 3041 768 3106 hano
798 3065 909 3108 vorem
932 3041 1118 3108 Brunekius
1146 3046 1262 3110 statuit
1293 3038 1331 3107 ad

206 3167 285 3231 Eur.
307 3162 395 3227 Med.
418 3183 448 3225 v,
480 3160 573 3242 1011,
599 3160 823 3226 cuiasseutitur
845 3161 1008 3227 Porsonus
1030 3161 1074 3226 ad
1094 3161 1176 3227 Eur.
1203 3160 1329 3228 Hecub.

212 3282 302 3364 1008,
324 3279 382 3344 sed
397 3279 467 3366 jam
491 3276 647 3344 Matthiae
672 3276 963 3366 661166111232
986 3289 1073 3346 certa
1095 3279 1202 3346 attulit
1224 3301 1332 3346 exem·

205 3401 260 3492 pla
282 3399 399 3487 quibus
421 3397 510 3461 vocis
532 3396 694 3460 civitatem
716 3397 751 3460 in
772 3395 931 3486 Euripide
953 3395 1070 3467 saltum
1098 3407 1207 3465 tuetur
1230 3398 1331 3488 (plura

205 3545 237 3588 v.
261 3543 314 3608 ap.
335 3518 439 3583 Henr.
462 3513 571 3601 Steph.
602 3512 649 3606 IL
675 3537 706 3601 p.
735 3514 827 3598 814),
857 3535 962 3601 neque
993 3515 1106 3582 dubito
1135 3517 1213 3603 quin
1245 3524 1331 3582 recte

207 3629 328 3704 dixerit
348 3633 390 3700 Ε.
414 3631 455 3697 de
477 3629 635 3715 Leutsclr,
658 3633 713 3718 qui
736 3641 841 3718 quum'
867 3617 959 3697 nohis
982 3632 1204 3721 Aristophanis
1225 3619 1330 3701 Ranae

206 3745 404 3846 explicaret,
432 3751 539 3815 statim
556 3748 604 3814 ad
620 3748 705 3812 ’136
725 3743 896 3815 nobiscum
913 3723 1175 3816 'communicavit
1191 3750 1261 3814 ⁴dol
1289 3747 1328 3815 ab

204 3855 358 3952 Homero,
372 3849 553 3953 'Aeschyla
576 3863 735 3953 Sophocle
755 3867 806 3952 (cs.
826 3847 969 3932 Ellendt.
982 3865 1065 3931 Lex.
1082 3866 1187 3956 Soph.⁴
1204 3865 1230 3932 Ι.
1252 3863 1329 3962 361)

207 3989 345 4056 alienum
370 4009 438 4052 esse
445 4036 454 4069 ,
477 4005 581 4071 neque
605 4007 682 4051 vero
704 3982 746 4051 ab
768 3984 936 4072 Euripide.
950 3991 966 3998 ''
983 3983 1028 4050 Ut
1050 4003 1128 4050 vero
1152 3981 1328 4050 Fritzsehio

206 4108 385 4175 adsentiam
394 4128 446 4171 me
458 4106 568 4187 movit,
574 4103 660 4191 quod
673 4126 802 4188 oausam
815 4124 880 4170 non
887 4104 991 4187 video,
1000 4125 1058 4168 eur
1064 4101 1328 4191 Euripidesillam
1417 4125 1418 4133 ¹

205 4228 425 4314 quaestionem
438 4225 646 4310 majoranum
666 4223 784 4288 affeetu
799 4221 1053 4311 proloquendarn
1076 4241 1147 4286 esse
1159 4218 1328 4307 putaverit.

478 4369 482 4378 ⁸
534 4381 536 4388 t
614 4363 923 4392 mano-*v-
