2874 4910
712 319 763 390 ⁴36

182 509 244 574 rim
268 506 421 590 locorum,
447 505 564 593 quibus
586 525 764 593 pronomen
780 503 948 592 personale
971 525 1043 570 cum
1056 504 1219 592 particula
1234 527 1339 592 quae

182 636 229 694 est
249 629 357 710 μέντοι
380 625 593 712 conjungitur,
616 625 662 689 eis
684 625 793 690 statim
817 623 897 690 alios
919 623 1005 690 locos
1022 625 1232 712 subjungam,
1249 625 1337 690 ubi

181 746 296 812 eodem
319 746 386 810 fere
409 744 505 810 modo
528 745 561 809 in
584 744 755 827 enuntiatis
778 742 980 809 affirmativis
1001 743 1124 808 formae
1148 744 1335 831 quaedam

181 864 379 954 pronominis
408 862 568 950 particula
596 865 706 944 μέντοι
732 861 917 926 efferuntur.
951 863 1010 926 llis
1032 861 1111 928 locis
1132 865 1245 944 μέντοι
1277 863 1336 927 in·
1412 874 1413 877 ’

179 982 307 1049 tardum
329 1003 438 1047 merae
455 981 710 1048 corroborationi
725 981 868 1063 inservit,
891 989 927 1045 ut
947 980 1028 1045 Ran.
1047 1004 1076 1046 v.
1092 981 1165 1066 171,
1187 981 1248 1047 ubi
1281 981 1335 1046 le

179 1103 266 1188 gitur
288 1095 398 1177 οὗτος,
433 1103 467 1163 σὲ
489 1099 569 1178 λέγω
591 1101 716 1181 μέντοι,
741 1103 775 1162 σὲ
796 1101 853 1162 τὸν
874 1089 1051 1185 οοθνηκότα
1079 1122 1142 1186 quo
1174 1099 1248 1165 loco
1281 1101 1327 1162 σὲ

180 1220 261 1302 λέγω
282 1223 389 1304 planos
411 1219 498 1285 idem
521 1229 578 1302 est,
601 1242 699 1306 quam
728 1217 816 1306 quod
837 1218 932 1284 P-lut·
948 1241 985 1288 ‚a
1018 1219 1101 1284 1099
1132 1219 1253 1304 legitur
1284 1220 1331 1280 σέ

180 1361 228 1402 τοι
261 1339 352 1417 λέγω.
396 1339 494 1421 Quod
517 1338 636 1425 legitur
658 1341 693 1402 σὲ
727 1337 808 1416 λέγω
829 1340 937 1420 μέντοι
968 1360 1030 1425 pro
1053 1361 1091 1404 eo
1126 1337 1217 1425 quod
1248 1338 1329 1403 for-

179 1467 262 1523 tasse
285 1468 453 1546 exspectes
473 1461 509 1522 σὲ
530 1460 638 1538 μέντοι
661 1457 752 1538 λέγω,
777 1458 893 1524 mirum
917 1477 979 1521 non
1004 1479 1072 1522 esse
1095 1457 1324 1543 nequeinusi·

177 1587 279 1643 tatum
302 1577 498 1652 Fritzschius
518 1578 627 1642 docuit
663 1577 713 1662 (of.
735 1576 907 1640 Fritzschii
929 1576 1061 1658 Quaest.
1092 1575 1172 1642 Luc.
1196 1599 1228 1664 p.
1252 1575 1321 1660 28)

178 1697 275 1762 Adde
298 1698 383 1785 quod
407 1698 503 1762 etiam
515 1696 577 1761 Av.
599 1719 629 1761 v.
651 1697 715 1764 339
732 1696 891 1785 particula
904 1698 1013 1777 μέντοι
1034 1697 1122 1761 illam
1143 1695 1187 1761 ad
1209 1717 1318 1784 quam

178 1818 319 1905 pertinet
333 1838 444 1883 vocem
469 1811 507 1879 σύ
532 1814 708 1904 praecedit,
730 1817 764 1880 in
776 1797 963 1880 tetrametro
987 1814 1117 1902 quidem
1130 1815 1313 1895 trochaico,

178 1957 276 2022 quum
306 1938 340 2000 in
367 1937 521 2000 trimetris
550 1935 703 2023 jambicis
733 1957 810 2000 eam
839 1955 967 2022 semper
993 1947 1155 2022 sequanis.
1200 1933 1314 2000 Aliter

178 2075 231 2118 res
253 2075 287 2117 se
310 2053 408 2118 habet
430 2054 492 2141 Eq.
515 2075 546 2117 v.
570 2053 634 2120 885
656 2053 712 2119 ubi
745 2053 854 2118 verbis
877 2052 983 2134 ἔμοιγε
1015 2055 1124 2134 μέντοι
1145 2055 1311 2141 oppositio

179 2173 324 2256 infertur,
355 2176 401 2238 ita
421 2181 458 2238 nt
479 2171 540 2237 hoc
562 2172 632 2236 loco
663 2173 771 2254 μέντοι
793 2170 983 2239 Latinorum
1013 2175 1056 2238 sit
1092 2181 1224 2239 tamea
1251 2173 1309 2238 Ad

112 2379 114 2386 Α
177 2291 340 2357 Ranarum
364 2311 476 2354 versus
498 2288 740 2354 similitudinem
764 2287 881 2355 deinde
904 2292 1036 2378 propius
1058 2290 1261 2378 acceditEq.
1274 2315 1307 2356 v.

98 2399 99 2402 ¹
180 2411 263 2478 1152
285 2410 341 2475 ubi
362 2412 469 2492 μέντοι·
477 2429 591 2474 vocam
613 2425 696 2496 quas
720 2407 843 2490 eston
859 2410 960 2495 effert,
982 2411 1076 2476 simul
1098 2421 1205 2490 autem
1228 2412 1306 2477 ioci

176 2529 352 2618 respondet
380 2527 539 2616 particula
553 2569 556 2574 -
571 2524 610 2589 δέ’
638 2550 669 2592 v.
704 2527 796 2594 1154.
842 2528 1013 2613 Singulari
1036 2529 1175 2616 quodam
1206 2529 1305 2596 modo

176 2647 333 2737 particula
354 2649 464 2730 placor
482 2671 558 2713 usus
580 2656 629 2712 est
651 2647 884 2736 Aristophanes
904 2648 1029 2714 duobus
1052 2649 1129 2714 locis
1151 2648 1213 2714 Av.
1229 2649 1305 2715 933.

134 2790 136 2793 ·
176 2768 306 2834 Thesm.
329 2769 571 2854 2183⁴quoru⁴m
587 2768 704 2854 priore
726 2767 844 2854 legitur
865 2767 955 2832 loco:
998 2817 1001 2822 -
1042 2803 1045 2822 ι
1139 2805 1141 2817 ,

344 2935 445 3020 uiroc,
470 2943 508 3004 σι)
530 2913 648 3022 μέντοι.
661 2937 813 3019 σπολάδα
835 2944 889 3032 aul
910 2942 1014 3020 χιτῶν’
1036 2939 1130 3021 ἔχειςΙ

251 3075 255 3082 ·
349 3041 513 3136 αότοδοθι,
538 3065 591 3120 καὶ
615 3059 671 3134 δὸς
692 3062 736 3142 τῷ
758 3064 872 3150 ποιητῇ
886 3041 937 3144 Ιτῷ
962 3065 1064 3147 σοφῷ.
1104 3037 1106 3044 ,

145 3181 148 3186 ¹
174 3232 272 3302 quum
306 3181 407 3278 altero
437 3210 492 3277 illo
526 3233 548 3275 e·
576 3191 916 3299 Thesmophoriazusis
950 3196 1134 3300 desumpto
1151 3209 1303 3300 legantur

172 3332 289 3398 verba:

376 3465 541 3549 Ἀγάθων,
564 3467 602 3530 σο)
623 3469 730 3549 μέντοι
753 3468 942 3554 ξυροφορεῖς
963 3465 1111 3532 indonata

380 3585 497 3671 χρῆσόν
518 3588 546 3650 οἱ
568 3607 628 3650 νον
648 3583 726 3670 ἡμῖν
748 3587 857 3670 §oona

170 3739 316 3825 Utroque
338 3737 409 3804 looo
429 3738 627 3802 enuntiatum
651 3737 738 3820 illud,
762 3738 794 3804 in
818 3760 881 3825 qno
911 3759 1024 3804 vocem
1053 3740 1161 3820 μέντοι
1191 3739 1299 3828 posuit

169 3862 264 3943 polita
287 3879 418 3922 causam
442 3856 532 3944 quasi
557 3855 719 3943 quandam
741 3856 875 3940 inducit,
898 3859 943 3922 ita
957 3865 1075 3942 tamen,
1097 3867 1132 3924 ut
1152 3881 1215 3924 non
1235 3857 1296 3941 γ’άρ

169 3974 345 4064 particulae
378 3977 481 4040 instar
516 3976 575 4059 sit,
608 3973 665 4040 sed
697 3999 770 4042 cum
799 3977 903 4041 ironia
936 3975 1075 4062 quadam
1105 3978 1297 4064 proferatur,

169 4117 264 4182 quam
280 4095 408 4180 saepius
420 4095 559 4182 exprimi
572 4116 630 4182 per
649 4093 840 4183 particulam
851 4093 959 4176 μέντοι
972 4095 1058 4161 Nub.
1067 4119 1097 4161 v.
1112 4095 1177 4163 340
1194 4096 1296 4179 docet,
1421 4119 1422 4122 ’

169 4213 211 4280 ad
234 4237 329 4302 quem
351 4236 480 4280 versum
503 4215 669 4280 adnotavit
697 4214 919 4278 Hermannus:
948 4215 1075 4297 „patruos
1098 4221 1144 4280 cst
1166 4217 1296 4281 enim-

167 4355 285 4421 οονο,·
308 4355 404 4418 qaam
434 4335 516 4400 serio
546 4315 701 4401 dicentem
730 4335 814 4417 facit
836 4333 1000 4400 Socratem
1028 4340 1131 4418 polita
1158 4336 1232 4418 ipsc
1260 4336 1296 4402 id
