2874 4910
679 350 767 418 37*

98 531 194 596 vult
223 530 346 601 ironico
373 533 510 614 accipi.“
554 533 629 599 Huc
651 534 748 600 etiam
770 533 868 602 velim
899 533 1009 602 trahas
1031 533 1117 601 Nub.
1139 557 1170 598 v.
1194 531 1258 600 329

106 649 165 724 de,
192 671 263 737 quo
286 671 382 716 versu
403 649 491 718 idem
512 652 610 718 valet.

219 769 323 836 Porro
346 779 382 836 ut
404 794 578 858 pronomen
601 773 783 860 personale,
808 774 854 840 ita
876 774 972 840 etiam
1006 782 1038 839 et
1059 772 1123 839 ulia
1143 793 1267 860 prono·¹

109 889 220 952 mina
243 896 277 952 et
298 887 455 955 adverbia
477 891 634 978 particula
654 894 761 974 μέντοι
794 892 1052 959 corroborantur.
1098 889 1151 956 Sic
1184 913 1260 978 qua·

109 1017 173 1073 ter
198 1009 367 1076 invenitur
389 1008 581 1076 adverbium
596 1010 728 1097 aliquod
751 1033 790 1076 ea
804 1033 886 1076 voce
905 1018 1044 1094 auctum,
1066 1010 1142 1096 Lys.
1161 1009 1259 1077 1095:

112 1119 159 1190 εὖ
183 1127 297 1207 μέντοι
327 1125 439 1205 λέγεις,
474 1126 604 1194 Thesm.
633 1129 653 1194 9
688 1126 800 1206 δεξιῶς
832 1130 939 1211 μέντοι
974 1126 1075 1206 λέγεις
1107 1127 1163 1194 ubi
1197 1126 1260 1193 sibi

114 1245 198 1332 ipse
222 1245 398 1333 respondet
419 1246 652 1331 Mnesilochus,
685 1270 812 1336 quoque
834 1270 907 1314 cum
933 1247 1003 1314 loco
1033 1249 1152 1334 optime
1185 1267 1273 1316 con.

117 1364 209 1430 ferri
231 1374 337 1452 potest
358 1364 446 1431 loeus
458 1366 602 1432 Platonis
625 1389 667 1432 ex
679 1367 872 1434 Parmenide
885 1390 914 1454 p.
929 1366 996 1432 430
1005 1366 1043 1431 Β.
1066 1365 1122 1431 ubi
1135 1362 1258 1431 'eodem

61 1473 66 1480 ¹
108 1482 228 1570 *modo
252 1485 369 1571 legitur
391 1485 530 1570 ἀληθῶς
550 1487 657 1568 μέντοι
681 1485 737 1568 (of.
759 1485 853 1574 plura
875 1509 925 1574 ap.
939 1485 1059 1552 Heusd.
1073 1485 1166 1572 Spec.
1189 1484 1260 1550 orit.

121 1628 158 1692 p.
194 1605 257 1690 o.),·
291 1603 374 1672 Plut.
402 1625 432 1670 v.
467 1605 550 1670 roae
584 1605 722 1693 denique
737 1579 834 1672 'aar
863 1606 945 1682 646,
975 1605 1032 1672 ua
1058 1604 1257 1672 adversam

121 1721 215 1788 πολύ
240 1725 458 1810 comparativo
481 1727 662 1812 oppositum
684 1749 744 1813 per
768 1725 960 1812 particulam
981 1725 1089 1806 μέντοι
1111 1732 1257 1809 augetur.

123 1842 267 1908 Praeter
287 1841 344 1907 hos
366 1842 459 1918 locos,
475 1842 538 1910 huc
561 1843 738 1909 trahendus
761 1853 809 1910 est
829 1844 892 1909 Av.
913 1866 944 1908 v.
968 1842 1049 1906 1071
1074 1840 1131 1906 ubi
1149 1840 1255 1922 μένωι

126 1949 212 2026 voc'e
241 1961 399 2027 voeabula
426 1960 500 2050 τῇδε
531 1959 664 2053 θήμέρα
692 1960 924 2027 adverbialiter
957 1959 1043 2025 dicta
1072 1958 1256 2026 efferuntur.

129 2078 315 2158 Notandum
330 2089 387 2145 est
407 2078 469 2145 hoc
490 2078 561 2148 loco
583 2079 774 2168 particulam
806 2079 890 2146 inter
920 2076 1089 2152 articulum
1121 2086 1153 2142 et
1185 2076 1258 2144 sub·

129 2199 304 2267 stantivnm
326 2197 468 2274 mediam
489 2199 711 2286 interpositam
736 2221 814 2265 esse.
848 2197 982 2286 Saepius
1006 2195 1257 2262 demonstrativa

130 2335 190 2405 per
212 2316 534 2404 particulamptvwa.
552 2326 647 2385 aucta
662 2289 821 2403 leguntur,
845 2316 1022 2405 etquidem
1040 2320 1138 2383 ταῦτα
1148 2317 1256 2398 μέντοι

132 2435 227 2510 Nub.
245 2435 318 2502 588.
353 2435 535 2502 1161351.
561 2434 638 2521 Lys.
672 2435 773 2519 10163
809 2437 897 2500 cavet
924 2437 1032 2517 μέντοι
1065 2435 1140 2521 Lys.
1174 2435 1256 2514 9685

131 2556 219 2651 cebro
239 2555 347 2638 μέντοι
378 2554 477 2642 Vesp.
505 2554 580 2622 426.
614 2555 671 2622 Av.
686 2601 687 2606 κ
701 2555 775 2622 661.
803 2555 934 2621 Thesm.
963 2555 1036 2623 714.
1067 2556 1149 2626 Ran.
1184 2535 1260 2621 743.

131 2675 220 2741 rard
232 2677 340 2756 μέντοι
359 2675 436 2742 Pac.
462 2674 554 2740 1190.
577 2673 706 2749 Thesm.
719 2675 791 2752 520.
812 2673 1255 2760 rosadraptrrorllq.1221.

133 2793 216 2870 Nub.
246 2793 339 2860 1361.
357 2793 437 2870 ¹An:
467 2792 537 2859 100.
567 2793 648 2874 Rau.
665 2844 666 2850 .
681 2792 743 2858 971
777 2794 896 2888 rotarat
924 2767 1035 2874 ptvsol
1055 2766 1134 2866 Itan.
1160 2791 1255 2870 1325.

136 2913 289 2988 Omnibus
311 2912 361 2988 his
382 2912 460 2979 locis
483 2911 675 2998 significatio
697 2911 874 3006 particulae
895 2913 929 2982 in
941 2913 1052 3000 aprico
1075 2919 1131 2976 est:
1154 2887 1261 2978 Plane

137 3005 243 3108 eodem
265 3031 362 3099 modo
386 3033 482 3096 etiam
498 3031 618 3100 vorbis.
630 3031 936 3119 additurparticula
956 3033 1065 3114 μέντοι
1086 3039 1254 3110 uteorum

137 3150 320 3237 significatio
341 3150 463 3234 majore
487 3171 559 3220 cum
582 3151 615 3218 vi
639 3125 773 3222 eluceat.
820 3150 874 3216 Sic
896 3150 981 3221 Aah.
1004 3151 1066 3219 162
1089 3149 1145 3217 ubi
1168 3148 1255 3238 quod

137 3270 231 3340 soluit
251 3270 436 3338 Brunckius
457 3269 578 3351 perscire
598 3292 642 3348 γε,
667 3269 873 3358 Aristophani
901 3293 965 3336 non
986 3279 1145 3354 testatum,
1167 3279 1254 3336 recto

135 3390 196 3476 jan
216 3387 412 3475 improbavit
431 3387 594 3457 Porsonus
617 3387 660 3456 ad
673 3389 760 3460 Eur.
783 3387 876 3462 Med.-
894 3389 957 3456 863
975 3389 1104 3470 ptvrdv:
1116 3390 1255 3456 restitnit

144 3505 234 3580 Kidd.
254 3506 421 3604 ad.1.Dau.
444 3505 579 3574 Miscell.
600 3529 632 3594 p.
653 3506 728 3574 496.
772 3505 938 3572 Particula
968 3507 1011 3570 ἄν
1033 3507 1067 3572 in
1096 3504 1157 3570 hac
1184 3529 1256 3593 par-

139 3622 297 3704 titularum
321 3626 546 3712 conjunctione
568 3625 609 3692 ad
633 3624 769 3694 verbum
802 3632 941 3712 spectat,
970 3646 1075 3712 neque
1110 3646 1189 3692 vero
1211 3625 1258 3706 ad

141 3743 317 3832 particulam
335 3742 393 3828 (cf.
415 3743 594 3814 Herm..de
617 3754 700 3835 part.
725 3743 769 3808 dv·
789 3743 846 3810 lib.
862 3743 894 3809 -Ι,
917 3765 949 3830 p.
974 3743 1016 3808 14
1037 3741 1080 3808 ad
1099 3743 1203 3830 Vigor
1223 3768 1255 3834 p.

142 3860 216 3946 840).
245 3861 350 3930 Porro
376 3864 475 3942 verbo
498 3864 611 3932 addita
632 3874 682 3931 est
703 3862 862 3952 particula
874 3859 955 3928 Ach.
972 3861 1045 3929 906.
1070 3862 1155 3930 Nub.
1170 3863 1253 3932 1338

142 3979 201 4064 (ubi
219 3980 256 4046 cf.
280 3983 393 4050 Herm.
415 3983 536 4069 adnot.)
558 3982 648 4050 Eccl.
672 3983 746 4050 651.
769 3982 854 4048 Plut.
876 4004 907 4062 v.
935 3980 1017 4049 1062
1042 3982 1098 4054 ubi
1120 4005 1179 4070 pro
1210 3982 1254 4046 le·

143 4099 231 4166 ctiam
253 4101 374 4183 μέντᾶν
388 4101 521 4169 exhibet
542 4103 603 4185 μὲν
618 4097 833 4168 odvEustath.
858 4123 890 4187 p.
903 4099 996 4168 1263.
1021 4101 1072 4168 61.
1096 4101 1141 4180 ΙηΙ
1157 4102 1252 4166 inter·

143 4217 298 4304 rogatione¹
315 4219 473 4309 particula
500 4223 610 4310 μέντοι
639 4242 712 4286 raro
743 4218 861 4306 legitur
890 4220 977 4306 apud
1003 4218 1253 4307 Aristophanem

144 4331 190 4420 (of.
209 4335 345 4422 Krtiger.
369 4337 428 4404 Gr.
452 4335 507 4404 Gr.
530 4333 563 4428 ξ.
585 4339 638 4404 69.
660 4338 727 4422 36).
772 4338 851 4404 Loci
879 4346 952 4426 sunt
973 4338 1058 4403 Nub.
1091 4337 1163 4402 787.
1187 4337 1251 4404 788
