2874 4910
744 351 785 414 10

201 531 394 596 6421050.
437 530 499 596 Av.
521 528 595 594 671.
638 528 959 596 canisianae.
1001 529 1086 596 Plut.
1107 530 1166 607 58,
1188 551 1348 618 quorum

200 647 344 714 locorum
372 671 437 714 non
469 647 582 734 paucis
610 653 666 712 tuo
691 647 766 732 jura
798 645 907 712 dicere
938 655 1030 734 potes
1050 649 1111 729 μέν
1131 647 1344 734 particulam

199 765 431 850 significatione
452 763 520 830 fers
542 763 697 830 accedere
720 762 762 828 ad
776 764 966 851 particulam
979 766 1027 844 rs.
1067 763 1342 832 Concedendum

199 889 275 946 sane
297 889 345 946 est
366 881 416 947 his
437 881 518 947 locis
539 880 687 948 omnibus
708 903 802 968 posse
828 882 959 948 tacitam
989 881 1129 968 aliquam
1150 881 1340 969 oppositio-

198 1021 273 1064 nem
300 999 413 1082 statui,
443 1020 503 1063 nec
531 1019 699 1085 possumus
728 1020 848 1084 negare
878 997 997 1065 talibus
1026 998 1120 1082 locis,
1148 999 1252 1085 qualis
1275 1008 1338 1066 est

197 1113 279 1180 Aah.
299 1138 332 1181 v.
354 1116 414 1199 59,
442 1116 500 1181 ubi
527 1116 680 1203 praeconi
707 1114 827 1181 dicenti
848 1113 989 1200 κάθησο,
1018 1117 1092 1196 σίγα
1113 1115 1332 1202 Dicaeopolis

198 1233 370 1322 respondet
391 1234 437 1316 μὰ
459 1231 515 1298 cdv
525 1230 674 1297 Ἀπόλλω
697 1232 751 1312 ’rui
773 1235 833 1314 μὲν
855 1233 896 1297 οὔ
916 1231 1012 1298 facile
1033 1254 1126 1319 posse
1149 1232 1237 1320 apud
1252 1235 1330 1298 ani-

197 1373 285 1416 mum
306 1352 466 1439 suppleri·
478 1358 605 1432 „taceat
626 1351 732 1433 qumis
754 1351 840 1416 adua
862 1387 905 1398 -—
926 1369 990 1444 aon
1012 1355 1108 1434 epo“,
1139 1349 1198 1415 s'ed
1220 1372 1327 1436 quum

197 1490 240 1532 ex
253 1469 406 1552 Homero,
428 1469 593 1535 Herodoto
610 1477 707 1557 atque
723 1469 820 1534 etiarn
836 1490 879 1532 ex
891 1470 996 1535 atticis
1018 1467 1230 1555 scriptoribus
1250 1469 1323 1532 vim

196 1585 447 1673 particulae-ptr
460 1586 684 1652 affirmativam
699 1586 775 1651 satis
789 1593 986 1672 compertam
1000 1584 1183 1670 habeamus,
1205 1584 1322 1671 quidni

196 1705 294 1768 ctiam
322 1702 373 1768 his
400 1702 479 1769 locis
508 1702 653 1768 dicamus
680 1703 855 1785 psannios
876 1702 1034 1768 inservire
1056 1700 1222 1786 augendae
1244 1701 1321 1766 voci

194 1821 256 1899 aa
279 1829 315 1886 ut
334 1819 396 1900 aa
417 1821 478 1902 μέν
498 1822 540 1885 sit
553 1820 744 1886 Latinorum
767 1819 957 1903 „equidem“.
998 1819 1134 1884 Prorsus
1154 1817 1243 1884 idem
1266 1839 1318 1882 ca-

198 1937 246 2002 dit
267 1939 302 2002 in
323 1937 400 2023 Lys.
422 1959 452 2002 v.
476 1937 554 2021 631,
583 1937 640 2004 ubi
662 1937 830 2023 genetivus
852 1936 946 2024 hujus
967 1936 1164 2024 pronominis
1189 1935 1316 2020 legitur,

307 2052 381 2116 ἀλλ’
402 2053 481 2136 ἐμοῦ
500 2057 561 2136 μὲν
581 2053 621 2117 od
642 2055 886 2137 wpcvvtvoooo'
908 2054 978 2118 ἐπεὶ
1000 2052 1204 2138 φυλάξομαι,

194 2172 292 2258 inque
307 2171 392 2238 Nub.
405 2195 441 2235 ·v.
458 2171 551 2238 1337.
594 2169 658 2235 Au.
682 2170 774 2254 1603.
816 2170 906 2236 Ecol.
926 2170 988 2236 155
1010 2171 1068 2237 ubi
1089 2170 1239 2256 leguntur
1260 2193 1314 2236 vo·

193 2311 247 2354 ces
277 2287 349 2370 ἐμοὶ
375 2289 452 2371 μέν,
486 2287 624 2372 denique
655 2288 690 2351 in
711 2286 797 2353 Nub.
826 2309 859 2352 v.
882 2287 925 2352 29
955 2309 1052 2374 quem
1081 2309 1210 2354 versum
1239 2309 1314 2354 cum

194 2405 352 2472 Teuffelio
374 2407 408 2469 in
431 2426 469 2470 eo
489 2425 623 2469 numero
645 2402 831 2469 habendum
853 2425 982 2487 censeo,
1004 2405 1039 2469 in
1060 2403 1176 2491 quibus
1196 2404 1315 2488 legitur

191 2523 252 2603 μέν
272 2519 458 2604 solitarium,
480 2543 673 2608 quamquam
695 2541 760 2586 non
781 2521 858 2585 satis
878 2533 967 2585 recte
990 2519 1031 2584 de
1053 2520 1114 2586 hoc
1135 2520 1206 2587 loco
1226 2521 1315 2588 vide·

191 2648 244 2705 tur
274 2639 421 2705 statuisse
456 2640 509 2704 vir
543 2638 597 2704 ille
628 2639 756 2717 docus,
771 2679 776 2690 -
793 2659 892 2723 quum
920 2637 1075 2704 lectorem
1109 2637 1232 2723 releget
1267 2638 1311 2706 ad

191 2757 334 2844 Krtigeri
346 2758 408 2824 Gr.
421 2753 455 2845 ἓ.
474 2759 525 2824 69.
543 2757 595 2823 35.
612 2757 706 2823 ‘rubi
728 2756 839 2822 doctus
861 2755 1090 2841 grammaticus
1112 2756 1214 2823 verba
1234 2757 1313 2824 facit

192 2873 232 2938 de
255 2877 454 2961 oppositione
476 2875 565 2962 apud
586 2877 729 2940 animum
750 2849 939 2960 supplenda.
984 2875 1057 2939 Hoc
1072 2874 1158 2939 euim
1173 2875 1244 2942 loco
1258 2876 1312 2942 vel

189 2993 332 3056 maxime
361 2992 478 3057 durum
508 3014 577 3056 esse
606 3001 684 3078 puto
716 2991 948 3077 oppositionem
978 2990 1150 3074 cogitando
1179 2991 1312 3077 addere,

188 3111 328 3195 itemque
358 3111 455 3174 etiam
484 3109 607 3195 majora
635 3108 808 3173 facesseret
836 3109 965 3193 negotia
986 3107 1072 3174 Nub.
1093 3131 1124 3174 v.
1147 3110 1227 3194 794,
1252 3111 1311 3178 ubi

189 3223 393 3312 Strepsiades
414 3227 523 3292 verbis
544 3248 657 3292 versus
679 3227 761 3291 793:

370 3340 444 3428 ἀλλ’
466 3340 492 3406 ὦ
514 3343 648 3428 νεφέλαι
669 3342 803 3428 χρηστόν
823 3365 852 3407 a
874 3343 1130 3426 supportationem

188 3458 290 3525 nubes
312 3461 448 3527 consulit
470 3462 548 3550 quid
569 3463 610 3527 sit
622 3461 816 3528 faciendum.
861 3462 1037 3545 Quaenam,
1059 3483 1118 3548 per
1139 3461 1227 3547 deos,
1249 3463 1309 3531 hoc

187 3576 259 3642 loco
280 3600 346 3643 vox
368 3579 485 3665 legitur
506 3580 593 3645 unde
614 3579 801 3667 suppleatur
822 3579 989 3665 oppositio.
1032 3578 1141 3665 Atque
1155 3583 1309 3667 quemita

186 3694 221 3757 in
243 3695 367 3779 primae
389 3719 544 3782 personae
566 3697 754 3779 pronomine
776 3693 1078 3781 comprehendimus
1099 3719 1200 3780 usum,
1222 3697 1309 3763 idem

186 3810 283 3874 etiam
317 3813 351 3876 in
383 3813 544 3878 secundae
573 3813 661 3900 apud
682 3812 935 3900 Aristophanem*
957 3812 1137 3891 inreritum
1177 3837 1309 3901 prorsus

187 3928 275 3991 enim
297 3928 412 3995 eodem
434 3929 530 3996 modo
560 3939 595 3996 ut
616 3929 678 4010 dyst
700 3931 761 4012 μέν
783 3931 879 3995 etiam
902 3929 940 3991 σι)
961 3929 1022 4010 μέν
1044 3937 1076 3996 et
1097 3934 1132 3993 σὲ
1152 3933 1212 4013 μέν
1232 3931 1309 4016 legi·

186 4052 238 4109 tur
261 4043 432 4112 Ach.109.
476 4047 539 4114 Av.
556 4047 606 4113 12.
652 4047 742 4113 Eccl.
766 4047 838 4112 144.
881 4045 966 4124 Plut.
989 4046 1063 4112 369.
1086 4047 1150 4114 874
1172 4070 1307 4135 quorum

184 4161 328 4228 locorum
358 4163 517 4250 imprimis
537 4163 621 4230 Plut.
645 4188 676 4229 v.
693 4165 763 4231 ,369
794 4163 890 4229 docet
920 4163 962 4229 dc
983 4163 1163 4252 supplenda
1184 4167 1309 4252 opposi-

164 4293 167 4300 '
184 4279 270 4344 tione
293 4281 350 4345 vix
372 4303 410 4346 ac
435 4301 475 4346 ne
497 4283 554 4348 vix
568 4281 699 4368 quidem
716 4305 785 4350 esse
800 4281 1025 4367 cogitandum,
1047 4303 1130 4368 quae
1146 4305 1198 4350 res
1212 4305 1309 4350 causa
