2874 4910
81 509 217 576 ironica
243 533 360 599 quam
383 513 424 577 in,
451 511 557 597 δήπου
586 515 689 580 inesse
724 514 820 591 docet
839 513 915 579 Pac.
938 538 968 580 v.
996 512 1070 579 519.
1112 516 1151 580 In
1177 517 1245 614 uni-

79 648 223 694 versum
248 628 375 712 δήπου
397 639 512 717 quater
534 641 567 697 et
588 633 689 698 vicies
711 632 799 719 apud
821 632 1073 722 Aristophanem
1096 636 1245 718 occurrit,

81 747 284 833 etquidem
308 749 350 812 in
371 750 622 834 interrogatione
644 750 751 814 sexies
772 748 853 815 Aah.
875 773 906 818 v,
925 737 994 816 '122
1028 750 1083 836 (cf.
1110 750 1240 831 Elmsl.)

79 863 143 950 Eq.
169 864 257 928 900.
286 864 358 930 Aa
383 865 455 936 179.
478 866 551 932 269.
575 867 666 933 Ecol.
678 868 753 933 327.
780 867 865 934 Plut.
880 868 961 950 2613
983 868 1138 934 inverbin
1160 867 1244 932 affir·
1354 921 1355 926 ,

80 983 258 1048 mentium
287 981 360 1049 duo
383 982 424 1048 do
445 985 545 1053 vicies
567 984 665 1072 Vesp.
688 985 761 1050 663.
785 986 879 1052 1375.
903 986 980 1051 Pac.
996 985 1065 1051 145.
1077 986 1151 1051 350.
1167 984 1242 1050 955.

83 1098 189 1164 1089.
215 1099 309 1184 Lys.
336 1101 410 1166 805.
433 1102 506 1168 913.
531 1101 657 1167 Thesm.
681 1103 755 1170 819.
780 1101 869 1167 Eccl.
883 1102 957 1168 659.
969 1103 1043 1168 661.
1065 1103 1148 1168 Plut.
1166 1103 1241 1167 491.

82 1216 165 1282 497.
191 1218 282 1283 519.
311 1219 385 1284 523.
409 1220 484 1286 549.
507 1219 582 1285 582.
604 1220 679 1286 587.
724 1222 858 1287 Restant
878 1221 953 1308 Lyn.
976 1221 1051 1286 517.
1072 1220 1242 1316 Raucae,

85 1331 242 1421 quorum
269 1339 388 1424 priore
411 1338 483 1404 looo
505 1337 821 1422 drjuovaMcinekio
843 1348 1018 1436 praeeunte
1041 1339 1171 1424 Engero
1189 1336 1242 1403 de·

85 1457 197 1523 letum
224 1467 303 1542 est,
330 1459 364 1522 in
385 1458 455 1524 loco
477 1459 546 1524 sine
570 1458 669 1524 dubio
690 1458 859 1541 lacunoao,
890 1457 967 1524 dum
998 1457 1079 1524 Ran.
1101 1458 1166 1523 526
1200 1456 1241 1520 οὐ

87 1573 132 1660 δή
158 1597 233 1639 που
259 1574 439 1662 legendum
468 1575 613 1659 videtur,
647 1599 752 1665 neque
782 1599 860 1642 vero
888 1586 924 1642 ut
953 1575 1022 1641 vult
1043 1574 1241 1645 Fritzeohius

88 1689 131 1754 οὐ
162 1692 388 1779 danovsaut
420 1691 464 1758 ον’
481 1697 510 1757 τί
538 1715 602 1758 που
635 1694 690 1784 (cf.
712 1697 824 1761 Herm.
857 1693 1002 1782 ad11ph.
1032 1694 1130 1760 Taur.
1162 1694 1240 1778 904)

90 1809 229 1894 [Stattb.
256 1812 303 1878 ad
325 1812 407 1878 Plat.
432 1813 544 1900 Symp.
567 1814 630 1879 194
652 1815 717 1898 Β.).

187 1932 326 1997 Vocem
348 1930 517 2016 δήπουθεν
540 1931 679 2019 denique
701 1930 788 1996 idem
811 1931 993 2017 significare
1015 1938 1111 2017 atque
1133 1927 1240 2022 driaco

94 2054 183 2112 teste
208 2049 371 2136 Kriigero
393 2048 432 2132 (Ι.
454 2045 488 2138 ξ.
512 2050 564 2114 69.
589 2049 644 2134 19)
667 2050 817 2136 accipias,
839 2049 901 2113 niei
922 2049 1005 2140 forte
1026 2049 1061 2112 in
1083 2045 1239 2133 exemplis

95 2165 353 2258 Aristophanen
377 2171 411 2234 in
432 2191 513 2235 voce
535 2167 705 2252 δήπουθεν
726 2170 882 2256 majorem
902 2167 1061 2256 quendam
1090 2163 1238 2247 fiduciae,

95 2293 133 2349 ut
157 2287 210 2352 ita
235 2285 355 2371 dicam,
376 2287 513 2374 gradum
537 2289 722 2374 conspicere
744 2287 834 2354 velie.
880 2287 1014 2372 Legitur
1036 2283 1139 2370 Vesp.
1162 2282 1236 2347 295.

96 2402 179 2470 Pac.
211 2405 309 2471 1019.
333 2406 397 2471 Av.
423 2406 494 2473 187.
516 2405 600 2471 Plut.
625 2406 696 2470 140.
