2874 4910
730 367 773 432 66

195 573 263 618 esse
284 571 343 638 per
364 546 576 616 anacoluthon
600 545 776 633 quoddam,
795 547 850 630 ita,
872 557 907 613 ut
928 565 1013 632 aves,
1037 549 1262 618 vehementer
1279 549 1337 616 ira·

193 677 256 752 tae,
277 690 375 756 quum
397 667 505 732 dicere
527 664 663 731 vellent:

436 785 465 847 at
486 783 568 867 φήςς
589 780 718 861 λέγουσι
738 779 778 867 δὴ
801 779 927 856 δεινοὺς
948 781 1077 863 λόγους.

194 903 245 969 vel
278 902 343 970 tale
374 900 462 990 quid,
495 908 628 984 repente
666 902 903 966 construetione
939 911 1079 985 mutata,
1111 926 1219 990 quum
1246 903 1340 989 ipsae

195 1024 301 1090 animo
323 1043 440 1109 capere
462 1042 525 1088 non
546 1028 678 1107 possent
711 1019 857 1086 homines
889 1041 963 1086 cum
1001 1021 1080 1109 ipsis
1109 1021 1197 1088 velle
1234 1023 1339 1088 vitam

196 1141 334 1226 degere,
362 1141 599 1224 interrogarent
620 1139 708 1212 τίνας
730 1136 864 1220 λόγους
900 1139 948 1204 ita
969 1150 1006 1204 ut
1037 1142 1079 1206 sit
1100 1139 1188 1206 fere:
1228 1139 1340 1205 maai-

191 1262 273 1344 festo
296 1259 407 1326 dicuat
420 1258 525 1340 quie?
547 1278 630 1344 quae
648 1257 747 1322 dictio
759 1259 1054 1346 pemitcomparari
1075 1258 1338 1327 cumlooationa

193 1376 260 1463 dap*
282 1380 311 1442 at
331 1375 374 1462 δή
386 1401 395 1462 3
417 1398 499 1464 quae
520 1383 569 1442 est
589 1376 829 1460 „quic-ww
872 1375 946 1443 Hoc
963 1376 1178 1445 anacoluthon
1203 1377 1337 1465 optima

196 1497 334 1584 quadrat
363 1495 405 1562 ad
428 1495 525 1564 rodus
546 1491 609 1558 loci
641 1491 791 1559 indolem.
834 1495 931 1562 Ratio
953 1494 1017 1562 loci
1037 1495 1166 1562 insolita
1187 1495 1336 1562 fortasse

195 1637 292 1682 eausa
313 1614 373 1680 fuir
392 1612 587 1694 Hermanno,
609 1619 645 1677 ut
668 1651 707 1660 -
734 1614 794 1677 nisi
817 1612 911 1679 fallor
934 1636 1027 1680 usum
1056 1613 1266 1701 platonicum
1289 1631 1336 1678 se

196 1742 308 1814 cutus,
329 1753 424 1819 quern
448 1731 599 1818 exposuit
627 1729 760 1794 Heindf.
790 1730 832 1798 ad
854 1730 978 1796 Phaed.
1012 1753 1043 1818 p.
1069 1731 1128 1798 107
1152 1731 1193 1795 Ι).
1221 1767 1272 1780 -
1294 1723 1335 1812 δή

195 1870 284 1924 τινας
304 1849 469 1932 scriberet,
492 1848 577 1935 quod
600 1869 642 1912 ex
665 1847 794 1916 schedis
815 1849 885 1935 ejus
907 1846 1038 1913 ineditis
1050 1847 1240 1915 Meinekius
1264 1847 1332 1913 edi·

197 1969 260 2051 dit,
292 1992 356 2055 qua
378 1977 562 2034 correctura
583 1965 720 2054 probata
750 1967 905 2036 enuntiati
927 1969 978 2033 vis
1000 1967 1132 2032 caderet
1153 1969 1188 2034 iu
1211 1989 1333 2034 vocem

196 2085 321 2164 λέγουσι
343 2085 503 2174 particula
523 2082 563 2169 δή
585 2084 836 2151 corroboratam.
880 2082 945 2150 Sed
966 2084 1042 2150 huic
1065 2087 1279 2172 conjecturae
1299 2091 1331 2150 et

196 2208 277 2274 Rev.
299 2205 414 2286 obstat,
435 2214 587 2268 etvorsua
609 2223 738 2290 upupae
761 2202 815 2288 qui
837 2211 1023 2288 sequuntur,
1045 2226 1064 2266 e
1086 2202 1205 2314 rpuibua
1227 2225 1331 2292 appa·

197 2334 247 2392 ret
277 2347 353 2391 aves
381 2321 422 2388 de
452 2329 567 2386 natura
601 2317 773 2384 verborum
793 2320 1022 2406 -quaesivisse,
1056 2343 1139 2407 quae
1172 2331 1206 2386 et
1234 2325 1327 2411 ipsae

197 2443 391 2512 audiverunt
412 2439 552 2527 quidem,
574 2459 679 2524 neque
703 2459 780 2504 vero
803 2437 1039 2504 intellexeruut.
1074 2437 1225 2510 Ceterum
1250 2425 1328 2506 usus

198 2561 250 2627 ille
273 2583 368 2647 quem
390 2558 534 2626 Platonis
563 2555 742 2636 saradim,
773 2557 870 2622 etiam
898 2579 965 2623 uno
993 2557 1065 2624 loeo
1091 2557 1180 2646 apud
1202 2557 1328 2626 Aristo·

197 2678 336 2768 phanem
353 2677 477 2764 ‚legitur
497 2675 560 2744 Av.
575 2676 650 2760 652,
673 2697 736 2763 quo
758 2696 857 2742 versu
877 2674 960 2744 duee
972 2678 1094 2764 optime
1115 2677 1328 2764 intelligimus

197 2800 265 2864 'vim
287 2799 376 2868 vocis
397 2795 570 2863 inclinatae
592 2796 638 2869 sir
659 2793 876 2881 praecedente
899 2795 1059 2882 particula
1080 2793 1135 2879 δή.
1186 2857 1190 2864 .

286 2917 393 3005 Atque
415 2915 495 2980 ha'eo
517 2913 683 2980 hactenus!

285 3037 361 3102 Jam
380 3034 547 3100 videamus
569 3033 611 3099 de
632 3032 791 3120 particula
812 3030 853 3118 δή
875 3055 948 3100 cum
971 3031 1051 3098 aliis.
1063 3035 1231 3121 particulis
1252 3059 1326 3104 con-

195 3159 327 3244 juncta,
359 3161 454 3239 atque
477 3153 615 3239 primum
640 3149 681 3214 de
703 3171 761 3234 ea,
784 3172 867 3237 quae
889 3150 1146 3236 frequentissima
1175 3163 1224 3218 est
1252 3175 1328 3220 con·

196 3273 371 3363 junctione,
394 3291 476 3356 quae
499 3277 547 3334 est
568 3271 621 3330 eat
635 3266 675 3354 δή
701 3268 749 3348 (ef.
772 3267 897 3334 Beuml.
918 3268 1007 3334 Part.
1024 3291 1055 3356 p.
1070 3271 1141 3338 102.
1161 3271 1328 3360 llartung.

201 3393 288 3459 Part.
311 3390 337 3456 I.
359 3388 433 3454 253.
455 3387 552 3455 Klotz
584 3387 627 3453 ad
642 3386 818 3470 -DevarlL
841 3385 915 3456 646.
936 3386 1084 3472 Hoogev.
1094 3388 1182 3454 Part.
1195 3412 1227 3476 p.
1242 3391 1328 3475 298).
1417 3383 1420 3412 ⁴

201 3513 274 3582 Hae
296 3512 330 3576 in
352 3507 581 3595 particularum
606 3506 830 3592 conjunctione
852 3513 988 3590 utraque
1010 3527 1102 3572 suam
1128 3507 1245 3572 retinet
1266 3509 1329 3594 sig·

203 3629 434 3706 uifioetionem,
464 3645 568 3710 neque
591 3633 627 3692 ut
656 3623 736 3690 dicit
757 3621 1006 3707 Hoogeveenius
1032 3622 1088 3689 illa
1113 3623 1150 3690 fit
1177 3625 1328 3706 repulsa·
1419 3625 1420 3648 ¹

202 3746 270 3830 τική
291 3745 372 3813 haee
393 3740 522 3826 χρονικῄ
539 3751 589 3808 ut
610 3739 791 3827 significent
813 3741 989 3823 ‚amoma
1025 3740 1084 3836 sed
1114 3743 1245 3830 proprie
1274 3743 1329 3806 aut

204 3863 424 3949 conjunctioni.
448 3861 597 3941 inservit,
626 3857 667 3943 δή
679 3868 796 3926 eutem
819 3869 854 3924 ut
884 3859 1053 3934 statuimus
1073 3867 1122 3928 est
1148 3859 1328 3943 moisem,

205 3984 273 4050 siue
295 3981 400 4058 dubio,
424 3987 521 4066 atque
543 4000 586 4044 ex
608 3977 668 4044 hae
691 3976 923 4068 significatione
945 3975 1106 4064 quomodo
1119 3978 1262 4065 potuerit
1274 3977 1329 4047 illa
1419 3987 1420 4032 ἓ

206 4101 300 4183 oriri,
323 4119 421 4185 quam
442 4106 555 4185 postea
575 4097 643 4165 fere
665 4119 776 4162 omnes
798 4095 963 4183 propriam
987 4094 1141 4172 dixonuut
1163 4102 1214 4175 „at
1232 4100 1327 4178 ‚iam“
1418 4173 1420 4196 s

206 4218 261 4304 (cf.
285 4217 401 4284 Hermu
420 4213 463 4281 ad
485 4215 597 4300 Vigor.
619 4235 649 4302 p.
672 4213 750 4300 827)
773 4212 867 4280 facile
888 4211 1077 4298 intelligitur
1090 4231 1142 4281 ‘ex
1163 4213 1330 4301 locisque·

206 4337 253 4406 les
274 4342 348 4401 sunt
367 4333 447 4404 Rau.
473 4332 566 4398 1205.
587 4331 664 4418 Lys.
687 4331 767 4398 925:
