2874 4910
745 322 801 394 ÷64

213 500 320 584 habet,
344 501 498 585 ostendat,
521 513 557 568 ut
577 504 654 586 Lys.
677 503 749 568 684.
775 502 901 592 Thesm.
927 503 1020 569 1209.
1056 503 1138 568 Ran-
1172 503 1258 568 1476
1293 514 1354 568 ant

212 629 428 708 contemptum
455 624 633 708 exprimat,
655 632 691 687 ut
712 623 793 688 Ran.
817 621 898 703 841,
921 621 977 688 ubi
1000 623 1107 706 cogita
1139 621 1259 704 λέγεις,
1291 631 1354 690 aut

214 737 352 825 denique
375 740 548 806 secundam
571 763 743 828 personam
765 739 927 814 δεικτικῶς
950 741 1060 807 efferat
1083 749 1118 806 ut
1131 740 1234 828 Vesp,
1262 740 1354 804 1412

213 858 267 942 (cf.
290 857 410 922 Hellar.
433 857 546 924 Philol.
570 859 662 924 VIII.
687 859 873 945 291)‚Lys.
900 859 961 924 146
985 879 1048 946 quo
1072 859 1142 922 loco
1167 858 1208 920 στ’
1227 880 1354 942 magna

213 999 285 1043 cum
308 977 342 1040 vi
365 976 562 1042 efferendum
587 987 672 1060 erat,
695 999 793 1064 quum
817 999 859 1041 ex
881 976 991 1042 verbis
1014 976 1159 1040 finitimis
1184 974 1203 1036 ὅ
1224 975 1273 1060 μή
1302 978 1356 1054 γέ-

213 1117 298 1159 νοιτο
321 1105 476 1183 appareat
496 1115 516 1160 e
533 1094 714 1162 Callonicas
735 1097 893 1161 sententia
904 1095 1115 1180 Lysistratam
1132 1117 1197 1160 non
1212 1095 1354 1160 dixisse.

212 1203 369 1280 Similiter
391 1212 551 1287 δεικτικῶς
573 1214 719 1280 additum
742 1215 925 1301 pronomini
948 1215 1127 1301 possessivo
1159 1211 1202 1296 δή
1225 1212 1356 1299 legitur

213 1333 289 1398 Pac.
313 1356 342 1397 v.
365 1333 429 1399 603
450 1355 512 1420 quo
535 1331 605 1398 loco
628 1332 714 1418 quod
737 1331 902 1398 Diodorus
926 1332 1011 1410 [XII.
1033 1332 1088 1396 40.
1111 1332 1131 1395 6
1155 1331 1353 1414 ed.Dindf.)

211 1453 394 1533 memoriae,
417 1461 452 1516 ut
478 1450 606 1516 videtur
629 1474 738 1516 errore
761 1448 859 1516 habet
880 1447 971 1530 τοῖμοῖ
997 1472 1059 1531 τις,
1078 1450 1147 1536 jam
1170 1473 1191 1514 a
1216 1450 1353 1514 Wesse·

211 1569 311 1655 lingio
334 1567 498 1633 rid-Diod.
521 1569 614 1634 Tom.
633 1568 661 1632 Ι.
684 1592 717 1656 p.
739 1568 804 1634 504
827 1578 1005 1634 correctum
1030 1578 1086 1633 est.
1132 1568 1232 1650 Quod
1256 1569 1352 1656 apud

214 1686 405 1775 Sophoclem
437 1696 542 1752 exstat
571 1690 605 1750 σὲ
645 1685 686 1770 δή
718 1686 806 1773 apud
838 1687 1084 1773 Aristophanem
1124 1710 1188 1753 non
1224 1689 1351 1773 legitur

214 1820 326 1873 contra
348 1807 384 1870 σέ
403 1827 450 1870 τοι
472 1807 556 1872 Plut.
579 1829 609 1871 v.
633 1808 716 1874 1099
739 1804 881 1872 exhibet
924 1808 1059 1872 Praeter
1081 1806 1138 1873 hos
1161 1806 1250 1872 locos
1263 1808 1351 1871 Ach.

216 1927 299 1991 1102
321 1936 395 1992 ante
420 1924 608 1992 Elmsleium
633 1926 800 2012 legebatur
823 1925 921 2009 κάμοὶ
944 1926 981 1989 σύ
1005 1925 1045 2010 δν)
1068 1935 1132 1988 not
1153 1928 1264 2009 θρῖον,
1290 1927 1350 1991 ubi

212 2067 298 2111 nnnc
321 2068 363 2108 ex
386 2047 454 2132 ejus
476 2049 659 2130 conjectura
681 2048 798 2111 rectius
823 2042 921 2127 κάμοὶ
943 2044 982 2108 σι)
1006 2044 1110 2130 δημοῦ
1129 2048 1235 2130 θρῖον.
1261 2046 1348 2112 Con-

215 2173 266 2229 tra
287 2165 367 2228 Ran.
383 2164 449 2230 888
473 2163 585 2228 melius
607 2163 671 2248 legi
694 2163 731 2226 σύ
756 2163 796 2248 δή
818 2164 902 2230 infra
925 2164 1061 2230 dicetur.

300 2283 339 2348 In
359 2283 664 2369 interrogationibus
688 2283 826 2370 obliquis
850 2284 937 2372 apud
948 2282 1196 2371 Aristophanem
1220 2283 1261 2367 δή
1279 2307 1348 2348 non

215 2401 334 2487 legitur
357 2412 470 2468 contra
492 2405 525 2466 in
547 2404 645 2467 rectis
676 2404 753 2486 satis
783 2405 934 2468 usitatum
970 2412 1036 2486 est,
1059 2411 1094 2467 ut
1125 2403 1222 2467 etiam
1254 2403 1347 2490 apud

216 2520 294 2586 alios
317 2522 491 2606 scriptores
513 2519 568 2605 (cf.
598 2521 745 2605 Hoogev.
772 2522 885 2587 Doctr.
909 2531 992 2609 part.
1015 2545 1048 2610 p.
1074 2522 1144 2586 146.
1168 2520 1274 2587 Klotz.
1303 2522 1347 2587 ad

216 2639 440 2705 00011308.
464 2640 557 2727 sqq.).
602 2638 710 2726 Atque
733 2639 786 2703 hio
812 2662 887 2738 usus
921 2662 1060 2726 quuma
1089 2642 1222 2723 propria
1246 2663 1347 2727 quam

139 2787 142 2794 ·
214 2761 382 2825 statuimus
404 2758 581 2846 particulae
604 2760 733 2825 notione
767 2760 844 2824 satis
880 2758 1054 2840 abhorrere
1084 2757 1244 2842 videatur,
1266 2781 1350 2848 quo·

215 2877 312 2944 modo
336 2900 470 2944 cumea
493 2879 593 2965 possit
622 2877 788 2944 conciliari
811 2877 906 2944 docet
927 2876 1107 2943 Baumlein.
1131 2901 1163 2965 p.
1189 2878 1260 2944 103.
1306 2879 1348 2944 In

213 2999 399 3068 universum
422 2996 596 3062 tenendum
620 3008 667 3062 est
689 2999 839 3084 speciem,
861 3019 957 3084 quam
980 3019 1058 3082 prae
1082 3019 1116 3061 se
1146 2997 1210 3061 fert
1239 3005 1346 3062 totum

215 3117 412 3180 enuntiatum
442 3117 538 3178 etiam
560 3115 627 3176 vim
656 3137 746 3178 suam
780 3137 934 3178 exercere
956 3116 989 3178 in
1009 3113 1201 3200 particulam
1226 3113 1275 3198 δή,
1297 3118 1348 3180 in·

216 3233 321 3318 deque
343 3232 466 3318 patebit
489 3232 649 3318 quomodo
672 3253 730 3318 pro
752 3235 1011 3318 interrogationis
1023 3255 1140 3318 genere
1164 3232 1261 3298 modo
1287 3236 1347 3297 mi-

215 3353 315 3417 rantis
337 3351 432 3417 modo
456 3373 552 3436 aegre
575 3351 707 3416 ferentis
724 3374 792 3416 esse
815 3355 923 3439 possit.
958 3353 1063 3438 Saepe
1085 3355 1249 3418 invenitur
1273 3375 1348 3440 par-

215 3475 314 3540 ticula
336 3482 408 3561 post
438 3471 585 3537 voculam
616 3472 880 3556 interrogativam
903 3469 975 3546 πῶς
998 3474 1090 3558 cnjus
1118 3474 1165 3536 rei
1194 3472 1347 3560 exempla

214 3601 303 3657 sunt:
326 3590 387 3677 llq.
411 3614 441 3654 v.
466 3591 557 3655 1073.
581 3591 665 3657 Nub.
679 3590 751 3656 664.
763 3591 835 3656 673.
860 3591 952 3656 1442.
978 3591 1075 3678 Vesp.
1089 3593 1141 3655 21.
1164 3590 1244 3678 Lys.
1269 3593 1345 3658 574.

215 3710 294 3774 Rau.
321 3708 414 3772 1162.
448 3708 520 3771 Huc
545 3709 640 3772 ctiam
663 3707 758 3773 velim
781 3708 889 3774 trahas
912 3709 988 3792 Lys.
1012 3732 1042 3772 v.
1067 3709 1119 3792 49,
1143 3731 1242 3796 quum
1273 3711 1344 3774 τίνοι

214 3826 333 3909 τρόπον
354 3834 434 3890 teste
456 3825 552 3890 schol.
583 3825 624 3890 ad
647 3827 731 3892 Plut.
760 3827 819 3892 136
851 3828 939 3892 idem
971 3830 1011 3892 sit
1034 3839 1130 3916 atque
1159 3830 1229 3904 πῶς
1264 3829 1341 3911 ἄρα.

217 3943 268 4010 De
291 3943 426 4007 lectione
449 3943 547 4008 dubia
569 3944 630 4030 Eq.
658 3946 719 4012 155
742 3945 780 4009 of.
801 3945 957 4010 Meinekii
981 3947 1077 4014 Vind.
1101 3947 1263 4035 Aristoph.
1289 3949 1343 4012 lib.

215 4087 246 4151 p.
270 4064 322 4128 53.
366 4060 467 4125 Porro
490 4064 518 4122 τί
539 4059 579 4148 δή
600 4064 763 4126 invenitur
785 4063 864 4128 Ach.
884 4064 947 4129 826
970 4065 1025 4148 (cf.
1049 4064 1161 4130 Elmsl.
1186 4075 1218 4130 et
1243 4067 1341 4152 Vesp.

218 4181 295 4265 251)
320 4178 381 4242 Av.
403 4177 454 4257 25,
476 4177 552 4263 Lys.
575 4179 649 4246 987.
672 4181 720 4260 (cf.
745 4181 887 4264 Hoogev.
910 4183 997 4247 Part.
1021 4206 1053 4270 p.
1079 4185 1174 4269 148).
1211 4182 1340 4248 Thesm.

220 4300 283 4364 700
328 4294 381 4381 (cf.
404 4294 487 4358 Rois.
513 4296 669 4383 Conjeott.
693 4297 718 4360 I.
742 4298 828 4378 291).
852 4297 931 4364 Ran.
961 4301 1061 4384 1162,
1097 4301 1221 4388 dequo
1246 4325 1342 4367 versu
1419 4327 1420 4332 ¹
