2874 4910
656 347 700 413 affl

97 529 478 616 significationeprope
500 526 644 592 accedat·
658 527 700 593 sd
732 549 846 594 vocem
877 525 982 610 etta,
1012 532 1144 618 proprie
1168 551 1247 598 ran

98 667 173 714 sus
213 655 262 712 est
294 646 486 712 Latinorum
516 654 551 710 et
586 645 714 734 semper
734 648 940 712 interiorem
974 647 1115 736 aliquem
1151 651 1247 736 ratio-

103 788 190 832 nem
226 764 325 832 habet
366 785 441 830 cum
476 765 522 829 eis
566 785 650 852 quse
690 764 895 830 antecedunt.
931 766 1031 832 Hane
1053 787 1130 834 vero
1151 769 1248 834 ratio·

104 905 191 952 nem
232 894 265 950 et
305 884 572 970 significationem
615 885 802 972 primariam
840 883 1002 970 gradatim
1044 885 1245 953 obliteratam

107 1021 187 1071 esse
209 1004 327 1070 mirum
338 1025 402 1068 non
419 1011 477 1087 est,
498 1003 546 1068 its
566 1011 602 1070 ut
620 1002 781 1070 nonnullis
791 1002 871 1068 loeis
887 1002 1045 1089 particula
1068 1003 1135 1070 fere
1157 1004 1244 1072 idem

105 1123 278 1210 significet
287 1133 385 1209 atque
395 1119 494 1198 ulls,
505 1145 610 1210 neque
623 1132 731 1187 teman
741 1137 871 1209 prorsus
883 1122 979 1206 id'em,
987 1123 1033 1189 ita
1042 1132 1149 1189 utnon
1157 1134 1245 1190 reete

106 1242 232 1308 fecisse
253 1241 405 1308 videatur
426 1241 655 1323 Btumleinius,
675 1243 734 1328 *qui
757 1241 857 1322 (Part.
882 1265 913 1329 p.
931 1243 988 1326 52)
1011 1241 1116 1308 allatis
1133 1263 1247 1308 exem-

105 1359 178 1448 plis
202 1359 405 1447 quibusdam,
429 1359 523 1424 dieit:
557 1360 645 1426 icida
668 1361 761 1430 Male
786 1360 901 1426 tonate
924 1361 1009 1426 oum
1032 1359 1121 1426 otto
1142 1363 1244 1449 stelen,

113 1501 219 1567 quum
242 1478 330 1566 quod
353 1477 526 1558 intercedit
545 1477 719 1544 discrimen
731 1485 863 1562 certum,
886 1481 1246 1566 quamquam'tenuissl·

105 1621 204 1667 mum
227 1597 318 1663 illum
340 1597 454 1682 lugere
469 1619 540 1662 non
563 1599 705 1684 potuerit
726 1599 781 1684 qui
804 1596 869 1664 bos
883 1597 971 1664 locos
997 1608 1245 1688 accurateeon·

108 1716 299 1804 templator.-
344 1714 566 1783 Conclusionis
588 1718 674 1782 euim
707 1727 796 1782 certe
835 1717 996 1805 quaedam
1027 1718 1089 1784 vis
1106 1742 1189 1807 quae
1210 1721 1245 1786 in

108 1837 178 1902 illis
200 1835 334 1902 locisvi
356 1834 535 1922 particulae
558 1831 645 1920 ἀτάρ
666 1836 760 1914 inest,
783 1835 869 1902 illico
892 1844 1062 1902 evanescet
1078 1839 1116 1902 si·
1131 1854 1243 1924 posue·

108 1959 160 2022 ris
184 1953 279 2021 ἀλλά.
395 2003 398 2010 .
493 1981 497 1988 ·
777 2001 782 2014 .
935 2005 938 2014 ,
1089 1959 1092 1969 '
1155 2005 1158 2014 .
1225 2003 1228 2012 ,

113 2074 262 2140 Primum
284 2075 393 2160 igitur,
415 2083 457 2142 at
473 2072 517 2139 ad
528 2071 778 2161 Aristophanem
801 2081 956 2156 reverter,
976 2072 1137 2161 particula
1157 2070 1241 2160 ἄιάρ

112 2197 218 2261 utitur
239 2195 493 2262 comicusmore
515 2193 708 2280 scriptorum
735 2193 905 2258 atticorum
928 2193 1127 2260 lucratione
1146 2202 1244 2279 reeta,

107 2313 141 2378 si
175 2335 274 2396 rem,
318 2312 359 2378 de
406 2335 471 2401 qua
517 2312 683 2400 hueusque
718 2319 826 2378 sermo
865 2323 935 2378 erat
981 2313 1170 2402 relinquunt
1213 2315 1243 2384 ei

108 2433 168 2521 qui
190 2432 366 2521 loquuntur
393 2441 425 2499 et
448 2431 489 2499 sd
519 2431 616 2510 ubam
651 2431 813 2527 quandam
853 2440 1036 2518 transeunt,
1065 2435 1157 2521 cujus
1193 2435 1243 2500 roi

109 2554 282 2640 egregium
306 2562 355 2619 est
377 2551 561 2640 exemplum
584 2551 660 2618 Pae.
682 2575 714 2617 v.
738 2552 816 2619 177:

330 2667 413 2756 ἀτὰρ
434 2670 527 2748 ἐγγὺς
547 2669 632 2734 alvus
654 2675 718 2735 πᾶν
739 2674 831 2734 θεῶν
852 2669 923 2752 ἐμοὶ
946 2667 1035 2732 dorsi

330 2779 386 2854 aul
407 2787 447 2875 δή
470 2792 607 2875 καθορῶ
630 2784 688 2874 τήν
709 2788 817 2854 oratur
833 2787 894 2874 ,τὴν
912 2790 969 2851 aori
991 2789 1068 2861 Δίος

105 2909 228 2997 quibus
251 2907 360 2975 verbis
382 2908 565 2996 Trygoeus,
588 2908 644 2995 qui
665 2915 761 2972 antee
781 2905 1032 2972 machinatorem
1055 2903 1242 2970 exhortatus

104 3038 182 3095 erat
196 3036 238 3094 ¹ut
253 3049 372 3124 curam
392 3028 443 3093 sni
466 3035 573 3114 gerat,
596 3048 683 3092 nnnc
704 3029 739 3090 se
756 3026 826 3113 jam
849 3011 979 3110 domum
1001 3025 1094 3092 Jovis
1124 3022 1240 3092 videre

103 3168 183 3213 cum
207 3146 408 3213 auditoribus
430 3147 654 3212 communicat.
692 3145 738 3212 At
765 3145 860 3211 simul
882 3146 943 3212 hou
964 3144 1036 3212 looo
1059 3142 1240 3236 apparebit,

103 3265 272 3354 quomodo
291 3284 404 3331 sensus
426 3247 576 3346 mutetur,
597 3266 625 3330 si
657 3286 730 3330 cum
751 3264 919 3330 Brunckio
942 3261 1020 3330 stc
1040 3263 1135 3344 ἔγγὺς
1155 3263 1239 3327 εἶναι

102 3385 289 3460 scribimus.
334 3384 444 3450 Primo
475 3382 607 3471 quidem
637 3381 751 3448 obtutu
780 3405 835 3447 res
856 3381 951 3470 plene
971 3382 1086 3452 eadem
1108 3380 1238 3450 videtur

103 3523 192 3586 esse,
221 3502 280 3568 sed
301 3503 330 3569 si
351 3503 467 3572 acribia
485 3500 589 3566 utta
621 3509 786 3589 respectus
817 3501 860 3572 ed
889 3498 1115 3566 antecedentia
1141 3498 1237 3586 plane

101 3621 230 3690 tollitur
263 3623 422 3710 simulque
451 3623 593 3688 comicus
623 3621 677 3686 ille
708 3619 837 3686 habitus
860 3641 998 3707 quocum
1027 3617 1108 3686 baec
1135 3618 1238 3686 verba

105 3742 270 3828 eloquitur
294 3742 480 3827 Trygaeus‚
514 3763 638 3806 summo
667 3761 739 3808 cum
768 3737 888 3824 gaudio
918 3739 1043 3806 itineris
1064 3736 1237 3825 periculosi

101 3860 200 3926 finem
224 3862 434 3949 conspiciens.
457 3860 549 3926 Idem
571 3860 649 3946 Lys.
671 3882 703 3924 v.
725 3859 768 3924 65
790 3859 825 3924 in
847 3859 957 3946 aprico
981 3867 1037 3940 est,
1061 3879 1124 3944 quo
1139 3880 1235 3928 versu

104 3967 219 4046 contra
246 3989 386 4046 metrum
414 4002 474 4067 pro
503 3978 605 4044 verbo
637 3974 721 4063 a’sa‘p
755 3979 891 4065 praebet
921 3976 1023 4062 odsap
1059 3977 1130 4047 cod.
1153 3977 1235 4044 Rav.

103 4119 203 4186 porro
225 4097 258 4164 ·V
259 4122 324 4187 esp.
349 4100 401 4164 25.
425 4099 481 4178 283
505 4097 621 4185 quibus
641 4095 721 4161 locis
743 4096 853 4162 verbis
875 4092 957 4179 α’τάρ
978 4088 1019 4164 ’σύ
1041 4095 1135 4172 λέξον
1157 4094 1234 4179 πρό-

102 4239 191 4303 τερος
214 4225 254 4284 et·
269 4215 351 4301 dede
378 4218 416 4281 σύ
438 4218 472 4279 nl
498 4217 555 4280 σὰν
578 4211 621 4282 αὖ
643 4213 737 4292 λέξον
765 4225 798 4280 et
820 4215 927 4285 Sosiae
950 4224 982 4284 et
1003 4215 1165 4285 Xanthias
1192 4214 1235 4285 ad

103 4357 143 4402 eu
165 4359 248 4425 quae
269 4336 470 4432 praecedunt
499 4345 706 4402 revertuntur
728 4333 965 4402 conclusionem
994 4331 1156 4428 quandam
1179 4331 1234 4402 ad·
