2874 4910
738 308 782 374 30

182 483 297 552 eodem
319 485 415 552 modo
437 494 472 551 ut
493 485 570 568 Lys.
594 507 626 550 v.
647 486 723 556 307.
745 487 799 552 De
820 488 1088 556 vermandense
1116 513 1175 578 pro
1206 493 1337 558 ἔπειτα

182 605 223 670 cf.
248 603 413 670 Schaeferi
435 602 543 668 Melet.
574 626 606 690 p.
640 603 691 669 86.
713 604 845 674 Heindf.
869 605 922 675 ad.
953 606 1035 672 Plat.
1058 608 1180 675 Phaed.
1221 633 1267 698 ps
1289 612 1338 678 90

182 722 221 786 B.
241 719 372 787 Deinde
395 720 482 786 Eccl.
504 744 536 786 v.
559 722 623 788 233
646 722 767 809 siquid
789 724 904 808 video,
929 728 1056 809 πρῶτον
1078 763 1121 776 --
1142 727 1218 790 εἶτα
1261 751 1336 793 non

184 838 225 903 do
246 847 392 928 tempore
413 848 546 925 possunt
558 841 670 926 accipi,
692 849 724 906 et
734 863 793 927 per
803 844 1120 910 ruerat-hemodi
1131 847 1235 926 verti,
1268 845 1336 910 sed

183 960 281 1024 etiam
301 957 363 1022 hoc
391 955 462 1022 loco
495 957 629 1022 interior
656 960 691 1022 in
724 960 834 1045 aprico
866 967 914 1026 est
946 960 1165 1028 membrorum
1193 985 1335 1028 nexus.

184 1073 401 1144 Similitudine
423 1073 563 1160 quadam
586 1077 732 1161 quamvis
755 1085 889 1142 externa
920 1077 970 1144 his
1003 1078 1082 1145 locis
1111 1081 1337 1167 propinquus

184 1203 233 1260 est
252 1192 339 1260 Nub.
366 1193 458 1274 1212,
479 1191 538 1258 ubi
560 1191 761 1280 Strepsiades
784 1194 917 1262 verbis:¹

273 1365 276 1374 .
334 1309 410 1374 ἀλλ’
442 1309 580 1388 siedron
595 1329 636 1374 os
663 1311 825 1393 βούλομαι
857 1314 983 1399 πρῶτον
1014 1312 1158 1378 ἑστιᾶσαι

184 1429 218 1494 in
240 1451 278 1493 eo
301 1436 406 1494 estut
428 1451 501 1494 cum
523 1429 589 1495 filio
611 1451 741 1495 scenam
764 1429 931 1516 relinquat,
953 1431 1065 1498 Pasias
1087 1441 1175 1514 ¹vero,
1202 1433 1252 1498 ab
1280 1433 1330 1498 al·

184 1557 255 1616 tera
276 1557 368 1636 parte
390 1548 553 1630 introiens,
569 1547 678 1612 verbis
700 1547 816 1612 ntitnr:
858 1591 861 1598 ·
903 1553 907 1562 '

394 1657 449 1728 εἰτ’
470 1663 577 1748 ἄνδρα
597 1666 661 1728 τῶν
684 1661 783 1728 αὑτοῦ
805 1665 834 1727 a
854 1663 913 1749 χρὴ
935 1666 1098 1746 nectara&

185 1783 288 1849 Vides
309 1783 495 1850 interiorem
517 1803 638 1848 nexum
660 1781 814 1850 hocloco
836 1805 901 1848 non
919 1769 1045 1866 adesse,
1077 1804 1175 1870 quum
1197 1782 1326 1848 Pasias

186 1921 269 1988 quae
296 1900 375 1968 dicit
403 1900 447 1966 ad
477 1909 607 1984 testem,
638 1923 733 1987 quem
761 1923 871 1967 secum
899 1899 998 1966 habet
1018 1900 1196 1974 vocationis
1232 1919 1322 1966 suae

186 2035 358 2084 conversus
380 2017 563 2103 eloquatur,
585 2025 720 2084 externo
741 2019 841 2102 igitur
863 2017 991 2084 vinculo
1017 2017 1105 2104 quod
1138 2015 1323 2086 intercedit

186 2137 270 2200 inter
292 2129 421 2218 πρῶτον
443 2142 476 2199 et
491 2132 562 2204 ‚sira
585 2134 751 2206 enuntiata
761 2135 1007 2220 conjunguntur,
1030 2136 1076 2200 ita
1097 2142 1133 2201 ut
1155 2135 1320 2202 orationis

186 2264 331 2320 tenorem
353 2275 417 2318 non
438 2249 630 2338 interrumpi
652 2261 849 2338 spectatores
869 2254 1019 2322 sentiant.
1040 2252 1160 2326 Similis
1189 2261 1238 2318 est
1261 2252 1317 2318 his

187 2372 265 2438 locis
285 2370 409 2436 Ranv.
432 2368 494 2434 941
517 2367 574 2432 ubi
595 2369 821 2456 persequenti
843 2371 898 2432 καί
912 2370 1095 2460 respondet,
1116 2371 1189 2436 vooi
1202 2379 1316 2436 autem

187 2486 362 2571 πρώτιστον
376 2507 472 2554 voces
492 2486 560 2550 εἶτα
577 2525 614 2536 -
628 2487 705 2552 stra.
728 2490 856 2570 πρῶτον
877 2511 955 2554 vero
978 2490 1075 2554 etiam
1097 2491 1201 2554 o'mitti
1216 2511 1317 2576 posse

188 2607 248 2674 hac
271 2607 304 2672 in
328 2603 467 2672 dictione
490 2604 653 2671 docebunt
673 2604 761 2674 Nub.
783 2625 815 2670 v.
844 2605 1027 2673 osa-557.

273 2723 402 2790 Deinde
424 2747 508 2811 quae
518 2731 694 2812 sequuntur
708 2746 805 2792 venes
819 2726 946 2808 πρῶτον
965 2727 1026 2805 μὲν
1039 2761 1078 2772 -
1092 2724 1202 2788 ἔπειτα
1215 2725 1315 2812 longe

187 2845 335 2933 plurimis
356 2842 436 2908 locis
455 2842 542 2929 apud
564 2841 814 2929 Aristophanem
836 2840 899 2916 sibi
920 2841 1123 2928 respondent.
1151 2842 1317 2930 Exempla

188 2963 285 3050 nujus
304 2983 379 3027 usus
401 2958 562 3046 platonica
585 2958 675 3024 ease
697 2956 829 3022 nenas.
853 2957 896 3022 ae
917 2955 1040 3022 snaed.
1062 2981 1095 3044 p.
1119 2958 1162 3028 so
1184 2959 1224 3024 n.
1258 2960 1314 3024 ne

187 3103 252 3168 quo
273 3101 332 3144 usu
354 3100 418 3142 non
440 3099 568 3162 possum
589 3099 655 3140 non
676 3074 726 3140 ad.
740 3073 877 3140 verbum
890 3076 1121 3150 transscribere
1136 3099 1219 3164 quae
1232 3078 1314 3145 dicit

188 3197 361 3263 Herbstius
393 3193 434 3259 de
467 3217 527 3260 usu
556 3191 771 3280 Thucydideo
805 3192 860 3271 (cf.
892 3192 913 3257 1.
944 3193 1004 3278 c.):
1034 3197 1161 3277 πρῶτον
1186 3198 1248 3278 μὲν
1268 3232 1314 3246 -

191 3315 300 3380 ἔπειτα
321 3311 740 3398 yebraachtfdacydidea
770 3331 818 3376 wo
841 3332 877 3376 er
898 3311 950 3377 dic
980 3312 1091 3380 beiden
1117 3313 1248 3380 Gliedcr
1275 3314 1314 3378 in

190 3435 247 3499 der
268 3431 402 3498 Etntett
423 3430 509 3496 eines
533 3429 724 3496 dedectens
745 3430 1039 3510 zusammeafasscn
1059 3431 1127 3515 wilt
1137 3455 1149 3511 ‚·
1171 3431 1230 3496 das
1244 3434 1313 3516 μέν

189 3553 233 3618 ist
259 3553 322 3617 tam
345 3549 440 3616 dabri
468 3549 528 3614 das
553 3547 774 3614 verbiadende'
787 3548 915 3624 Minci,
946 3548 982 3612 in
1012 3546 1123 3611 ἔπειτα
1146 3549 1218 3631 (ent
1243 3549 1314 3616 sich

191 3669 250 3733 dos
270 3653 381 3734 recito
402 3667 452 3733 oia
473 3667 642 3750 Forento
664 3667 722 3732 der
744 3665 1021 3748 Herodiano-oder
1042 3665 1098 3732 des
1121 3665 1313 3738 Gedaakeas

191 3785 270 3850 ohne
295 3785 473 3867 Geqensatr
495 3804 548 3848 aa.
593 3781 674 3849 Loci
688 3781 917 3868 Aristophanei
939 3790 1028 3847 sunt:
1056 3781 1138 3848 Ach.
1151 3783 1225 3848 995.
1249 3784 1310 3870 Eq.

193 3900 406 3967 1340..-1366.
429 3901 515 3968 Nub.
538 3900 612 3970 609.
627 3901 708 3966 963.
733 3901 828 3984 1117,
850 3899 907 3966 ubi
928 3908 1006 3968 nota
1025 3900 1174 3968 membra
1193 3923 1253 3989 per
1273 3902 1313 3985 ἢν

191 4018 229 4083 δέ
250 4042 281 4083 v.
307 4019 389 4083 1121
414 4027 447 4084 et
469 4019 553 4084 1126
576 4017 714 4106 denique
736 4041 796 4105 per
817 4018 881 4082 adv
904 4017 988 4090 1128
999 4019 1193 4106 continuata,
1214 4019 1328 4104 Voss).-

193 4138 266 4204 116.
290 4136 364 4202 552.
387 4135 461 4204 607.
485 4159 548 4223 quc
571 4137 641 4204 loco
664 4135 764 4204 habes
784 4138 896 4219 πρῶτα
916 4137 978 4216 μέν
999 4137 1052 4204 cui
1073 4136 1161 4222 quod
1182 4120 1313 4222 respon·

194 4255 249 4322 det
259 4254 505 4340 adnsrralogioa
514 4256 653 4341 quadam
661 4257 967 4342 permutationenon
977 4277 1016 4321 eo
1026 4255 1313 4342 quodebebatloec
