2874 4910
591 315 727 397 .5r'

121 505 293 568 ironicum
317 503 479 590 quendam
503 504 640 570 colorem
666 528 739 570 oum
753 514 829 588 ⁴toto
852 507 1015 572 enuntiato
1039 508 1264 591 communicat,

125 623 190 710 qui
215 644 326 688 sensus
350 625 491 688 ironicus
513 626 633 712 optime
657 624 761 690 elucet
783 648 835 694 ex.
859 625 937 712 Lys.
960 625 1066 690 v.571
1091 626 1148 690 ubi
1170 648 1265 692 voces

127 741 169 817 ἐξ
184 739 282 822 ἐρίων
298 739 337 826 δή
360 741 429 806 fere
453 742 494 807 ad
518 745 657 810 ironicas
674 745 863 810 nostratium
879 767 975 808 voees
990 743 1162 809 accedunt:
1184 764 1267 825 „aus
1330 731 1334 740 ³

136 859 335 948 Wollorbee't
364 863 464 927 olso“.
511 861 638 927 Thesm.
669 887 700 927 v.
734 864 816 928 1228
848 860 918 947 ιίρα
951 861 991 948 δή
1019 862 1075 926 'oar
1105 863 1146 928 ab
1178 863 1266 927 Her-

128 1001 253 1044 manno
275 980 466 1064 rostitutum,
489 989 525 1045 ut
546 981 676 1047 videtur
698 991 796 1047 reete.
842 982 904 1069 Eq.
927 981 991 1046 408
1014 981 1101 1068 quod
1124 980 1201 1046 olim
1223 980 1267 1046 le-

130 1099 275 1185 gebatur
297 1103 430 1162 παιῶνα
454 1099 492 1184 δὴ
516 1105 572 1182 καὶ
594 1111 655 1165 eto.
679 1123 730 1164 ex.
755 1101 835 1166 Rav.
858 1123 943 1166 nuno
965 1109 1052 1165 reete
1075 1102 1197 1168 editum
1220 1110 1268 1168 est

131 1220 314 1280 παιωνίσαι
342 1222 405 1282 καὶ.
456 1219 581 1283 Eodem
613 1241 719 1301 sensu,
750 1219 873 1306 aliquid
907 1219 1110 1284 manifestum
1145 1243 1213 1284 esse
1236 1229 1269 1285 et

132 1359 295 1424 apparere
319 1340 415 1402 etiam
439 1339 547 1404 verbis
570 1339 702 1404 additur
724 1339 883 1426 particula
906 1338 953 1423 δή,
977 1327 1213 1406 ἰαθααηίίαίὶε
1236 1351 1268 1407 et

134 1456 338 1520 affirmativis
362 1464 399 1521 et'
419 1458 669 1543 interrogativis.
716 1458 770 1522 Sia
792 1460 819 1522 si
852 1457 915 1522 Av.
939 1482 969 1522 v.
1001 1458 1087 1524 1373
1110 1458 1277 1544 Oinesiass

135 1574 332 1640 Anaorontis
355 1575 485 1662 quidem
508 1577 610 1642 verba
632 1578 687 1662 (of.
708 1577 802 1662 frgm.
826 1576 883 1664 24)
908 1581 1073 1665 usurpans,
1097 1577 1190 1642 dicit:

387 1691 590 1776 ἀναπέτομαι
613 1695 651 1779 δὴ
676 1696 757 1776 πρὸς
773 1694 940 1778 Ὄλυμπον
962 1695 1022 1761 κτὲ.

135 1809 177 1896 δή
201 1811 315 1877 voeula
339 1813 373 1876 in
395 1813 631 1878 exclamatione
655 1815 768 1900 posita,
791 1836 859 1878 rem
875 1816 1048 1901 unicuique
1061 1817 1276 1902 conspicuam:

142 1953 212 1994 esse
235 1929 395 2015 declarat,
432 1953 491 2019 per
513 1930 676 2019 prolepsin
699 1933 829 2019 quidem
853 1933 1014 2020 quandam
1037 1956 1105 1998 rem
1126 1935 1266 2000 futuram

137 2071 198 2136 pro
219 2052 382 2136 praesenti
403 2052 574 2138 accipiens,
611 2073 707 2138 quum
732 2041 970 2118 Peithetaerum
1000 2052 1097 2117 adeat
1125 2053 1191 2118 alas
1214 2076 1267 2141 pe·

135 2169 262 2251 titanus,
284 2191 389 2256 neque
411 2192 489 2234 vero
513 2169 642 2253 habens,
666 2180 762 2258 atque
780 2171 894 2236 eodem
916 2170 1013 2236 modo
1035 2189 1087 2236 res
1110 2195 1144 2237 se
1167 2172 1266 2238 habet

138 2287 215 2374 Lys.
238 2310 269 2350 v.
296 2288 404 2372 1108„
426 2289 483 2354 ubi
506 2311 604 2376 quum
627 2263 700 2355 vooi
726 2289 777 2352 δεῖ
798 2289 938 2356 addatur
966 2289 1125 2378 particula
1159 2289 1200 2374 δή
1222 2327 1266 2338 -

138 2429 221 2496 quae
243 2429 341 2473 voees
365 2407 400 2472 iu
430 2406 521 2472 libris
552 2431 625 2472 mss.
659 2409 821 2474 interdum
850 2409 1001 2475 confusae
1032 2408 1182 2495 leguntur
1212 2409 1267 2492 (of.

137 2527 283 2614 Elmsley
312 2526 355 2591 ad
382 2527 462 2592 Eur.
486 2527 605 2592 Baooh.
628 2529 706 2613 224)
729 2565 771 2576 -
794 2550 904 2594 sensus
927 2537 990 2610 est,
1022 2549 1090 2592 rem
1114 2531 1200 2593 omni
1224 2549 1266 2592 ex

136 2657 229 2737 parte
252 2649 477 2732 neeessariam,
502 2670 635 2734 eamque
649 2649 872 2712 necessitatem
896 2649 1095 2715 manifestam
1119 2671 1187 2712 esse
1211 2647 1262 2732 (ef.

137 2768 309 2854 Naegelsb.
332 2767 516 2832 ExeadIl.
540 2791 571 2855 p.
587 2767 672 2852 434).
694 2769 733 2832 ln
745 2769 914 2832 enunciato
940 2768 1171 2852 interrogativo
1196 2789 1268 2854 par-

137 2890 285 2975 ticipium
312 2909 392 2952 voce
416 2886 456 2971 δή
489 2897 617 2952 anetum
649 2887 785 2972 legimus
813 2887 875 2973 Eq.
907 2910 938 2950 v.
967 2886 1049 2951 1224
1077 2887 1134 2952 ubi
1167 2909 1266 2973 quum

137 3009 262 3093 legatur

331 3121 357 3186 oi
379 3125 474 3205 μιαρὲ
497 3121 642 3185 κλέπτων
665 3121 705 3207 δή
726 3145 765 3204 pa
787 3125 873 3186 ταῦτ’
898 3121 1077 3206 ἐξηπάτας
1111 3109 1115 3118 ’

139 3243 216 3333 quid
238 3243 300 3308 sibi
324 3243 402 3306 velit
423 3241 582 3330 particula
615 3239 656 3324 δή
686 3243 806 3328 optime
836 3241 1009 3328 perspicis,
1042 3242 1068 3306 si
1100 3263 1170 3304 eam
1194 3239 1267 3305 ‘non

138 3363 201 3450 legi
220 3362 324 3448 fingis.
360 3361 454 3428 Tune
477 3361 562 3424 enim
585 3381 695 3424 sensus
718 3358 780 3423 looi
793 3368 876 3423 esset
897 3381 984 3423 mere
1005 3359 1263 3444 interrogativas.

138 3481 211 3547 Jam
235 3503 322 3565 vero,
345 3480 458 3545 addita
478 3501 559 3543 voce
583 3477 623 3562 δή
652 3479 861 3563 interrogatio
883 3478 917 3540 in
939 3479 1080 3564 speeiem
1104 3474 1264 3563 quandam

138 3601 250 3665 transit
272 3599 529 3679 exclamationis,
553 3605 585 3662 et
607 3618 676 3660 rem
697 3619 762 3661 non
784 3605 851 3660 tam
872 3595 1000 3682 quaeri,
1023 3617 1118 3682 quam
1141 3615 1266 3659 summa

140 3741 210 3785 cum
232 3719 446 3784 admiratione
475 3717 560 3781 edioi
594 3716 767 3802 intelliges,
804 3717 831 3780 si
859 3717 972 3780 vertis:
1017 3715 1168 3781 Stetleool
1197 3716 1265 3781 also

140 3843 188 3920 (ut
208 3839 242 3900 in
264 3839 374 3924 aprico
398 3841 458 3917 est)
481 3837 554 3902 aare
575 3837 620 3900 du
652 3837 736 3900 mich
756 3836 930 3918 yetoosoot.
976 3835 1028 3898 De
1052 3835 1109 3898 Av.
1132 3835 1197 3900 416
1220 3836 1266 3900 in-

139 3957 187 4022 fra
209 3955 344 4020 dicetur.
391 3955 634 4040 Adjeotivorum
657 3956 706 4018 vis
729 3975 802 4018 raro
831 3953 917 4040 apud
940 3952 1188 4041 Aristophanem
1212 3977 1265 4020 vo

139 4075 207 4140 cula
230 4073 271 4158 δή
293 4084 447 4160 augetur,
470 4097 576 4160 neque
598 4081 677 4160 puto
700 4081 831 4160 praeter
853 4073 1152 4159 formas'quasdam
1176 4072 1273 4136 voeis‘

140 4217 217 4282 quae
244 4202 291 4257 est
312 4191 423 4274 πολύς,
446 4194 536 4278 eujus
559 4191 708 4278 exempla
731 4191 823 4274 infra,
845 4190 932 4256 locos
954 4192 1101 4256 inveniri.
1129 4191 1266 4276 Legitur

140 4311 266 4400 quidem
290 4307 406 4394 ὁμοίαν
428 4308 470 4393 δή
492 4309 621 4374 Thesm.
646 4333 674 4374 v.
699 4309 774 4394 909,
802 4331 913 4374 versus
936 4332 1013 4376 vero
1035 4332 1098 4374 non
1123 4317 1170 4374 est
1193 4289 1265 4374 Aii-
