2874 4910
446 1241 631 1309 CAPUT
670 1239 949 1310 ALTERUM.

192 1392 261 1465 DE
288 1392 596 1469 PARTIOULIS
631 1391 688 1488 δή,
718 1393 816 1490 δῆτα,
853 1390 982 1489 δήπου,
1010 1391 1210 1491 δήπουθεν.

611 1595 766 1608 α*

227 1733 385 1801 Absolnto
407 1736 513 1824 capite
534 1735 622 1823 quod
645 1746 693 1801 est
715 1735 755 1802 de
777 1735 945 1825 particulis
960 1737 1184 1822 adversativis,
1206 1738 1267 1805 hoc

138 1850 242 1918 altero
263 1855 368 1941 capite
390 1854 483 1920 brevi
505 1855 602 1920 liceat
625 1853 783 1920 disserere
807 1853 847 1920 de
873 1853 1031 1942 particula
1054 1853 1104 1941 δή,
1128 1864 1159 1922 et
1182 1881 1264 1945 quae

138 1981 266 2039 ceterae
289 1973 436 2060 ejusdem
456 1982 531 2040 sunt
552 1973 702 2039 familiae.

227 2093 373 2158 Primum
395 2093 496 2178 igitur
533 2089 712 2180 particulae
736 2087 776 2176 δή
816 2092 892 2156 satis
923 2089 1072 2179 frequens
1102 2101 1151 2158 est
1182 2093 1270 2182 apud

140 2210 390 2299 Aristophanem
411 2233 496 2294 usus,
520 2233 722 2298 quamquam,
745 2219 780 2275 ut
799 2232 860 2297 par
884 2218 940 2291 est,
962 2212 1128 2302 ratioque
1151 2235 1190 2278 ea
1211 2215 1270 2279 uti·

140 2339 195 2396 tur
217 2331 375 2412 comicus,
397 2328 449 2394 vel
472 2331 614 2394 maxime
638 2330 766 2394 diversa
790 2338 837 2394 est
860 2329 901 2394 ab
925 2351 979 2412 ea,
1002 2352 1067 2417 qua
1087 2329 1170 2396 hanc
1197 2354 1269 2420 par-

141 2449 273 2516 ticulam
311 2456 467 2537 usurpant
504 2468 612 2514 rerum
648 2449 822 2536 scriptores
853 2458 885 2514 et
915 2447 1106 2537 philosophi.
1161 2450 1269 2532 Quum

144 2571 228 2636 enim
241 2585 278 2635 e.
300 2593 332 2656 g.
354 2569 517 2634 rarissime
540 2565 581 2654 δή
603 2567 762 2656 particula
783 2567 870 2656 apud
889 2567 1096 2634 Aristotelem
1117 2571 1163 2635 ita
1185 2570 1270 2656 lega·

142 2701 204 2777 tur,
218 2700 255 2756 ut
265 2688 308 2755 ad
323 2712 422 2755 unum
433 2687 591 2754 referatur
602 2686 738 2752 verbum
751 2686 805 2772 (of.
814 2687 853 2752 R.
866 2685 1016 2752 Eucken:
1037 2687 1078 2752 de
1087 2689 1268 2755 Aristotelis

146 2808 275 2875 dicendi
296 2809 420 2874 ratione
443 2830 474 2895 p.
499 2807 565 2891 37),
587 2806 737 2893 exempla
758 2828 836 2871 vero
859 2804 955 2892 hujus
977 2827 1054 2870 usus
1086 2806 1152 2892 jam
1180 2806 1269 2894 apud

144 2929 283 3013 tragicos
304 2927 509 2992 inveniantur
546 2925 599 3011 (cf.
623 2923 764 2990 Ellendt.
784 2924 868 2989 Lex.
891 2921 987 3011 Soph.
1008 2923 1036 2988 Ι.
1059 2924 1149 3009 414),
1179 2925 1267 3013 apud

147 3044 302 3110 cornicum
324 3043 515 3132 pervulgata
536 3053 584 3110 est
606 3043 685 3109 haec
710 3041 840 3108 dicendi
862 3042 954 3107 ratio.

230 3163 284 3228 De
305 3165 430 3249 origine
461 3185 537 3229 vero
559 3172 592 3228 et
620 3163 725 3251 prima
748 3162 836 3228 vocis
868 3161 1101 3246 significatione
1130 3161 1189 3226 vix
1223 3170 1271 3226 est

150 3279 232 3369 quod
256 3283 437 3347 accuratius
461 3283 576 3364 dicam,
599 3304 697 3369 quum
721 3280 762 3346 de
784 3280 834 3345 his
845 3280 941 3345 rebus
963 3281 1040 3345 satis
1053 3281 1181 3368 copiose
1205 3282 1270 3366 jam

149 3399 272 3484 egerint
293 3401 497 3486 grammatici
521 3399 570 3483 [cf.
583 3399 678 3464 Klotz
692 3397 733 3464 ad
746 3398 830 3463 Dev.
843 3398 887 3463 II.
912 3399 987 3464 392.
1000 3399 1159 3486 Hartung.
1182 3399 1269 3466 Part.

151 3518 175 3582 1.
202 3517 275 3583 245.
318 3518 431 3584 Heller
453 3519 487 3583 in
506 3517 621 3583 Philol.
646 3517 707 3583 vol.
732 3516 823 3584 VIII.
845 3518 924 3598 277)
955 3518 1049 3585 nobis
1082 3521 1201 3586 sufficit
1223 3522 1269 3587 di-

151 3638 241 3719 xisse,
263 3660 372 3703 omnes
384 3636 471 3726 apud
486 3635 731 3724 Aristophanem
754 3634 840 3701 locos
853 3637 921 3723 ejus
944 3637 1186 3723 significationis
1210 3664 1271 3730 ope

152 3780 239 3846 posse
261 3756 436 3845 explicari,
470 3779 566 3844 quam
596 3758 706 3822 statuit
728 3755 950 3822 Bhumleinius
971 3758 1273 3846 (untersuctunqen

151 3877 222 3942 iiber
244 3877 296 3942 die
319 3876 438 3959 priech.
463 3876 633 3942 Portilcclu
660 3897 696 3956 p.
721 3874 777 3959 98)
801 3872 843 3959 δή
872 3875 1063 3963 particulam
1085 3878 1131 3944 ibi
1154 3883 1231 3968 poni
1253 3906 1273 3947 a

153 3995 372 4083 scriptoribus,
404 3993 461 4060 uhi
488 3993 628 4081 aliquam
650 4015 719 4057 rem
754 3995 960 4076 manifestam
993 4013 1059 4060 esse
1090 3998 1272 4084 significare

153 4112 274 4178 vellent.

233 4234 281 4301 Ut
301 4235 401 4320 igitur
430 4231 584 4298 accedam
614 4230 656 4298 ad
691 4232 796 4320 ipsum
817 4231 1043 4320 Aristophanis
1075 4257 1180 4318 usum,
1211 4238 1273 4324 pri·

158 4376 239 4420 mum
262 4351 470 4420 examinandi
484 4363 578 4418 erunt
600 4352 672 4436 loci,
695 4351 752 4418 uhi
775 4349 816 4437 δή
839 4353 1043 4445 unius-verbi
1066 4353 1129 4419 vim
1149 4366 1275 4441 urguet,

1004 4470 1052 4538 4*
